2055 3292
814 23 1177 94 ἓέἓὲὒζοΧὲἓᾷἓ
1947 45 2014 96 97

997 114 1576 141 ·¹:;÷÷:2÷³¹.÷
1618 116 1989 151 ·········

111 116 480 135 ¹¹¹¹¹¹¹¹

108 275 2003 316 222.=2--·=2t²==·z;=.·22=:⁹zz==‘³==c;=z=..

377 337 1013 438 Encomium
1052 340 1714 470 exegeticum

731 481 1039 587 Justitiae
1071 479 1340 589 Regiae.

482 615 594 668 Alve
605 611 729 664 sacra
741 608 947 663 Themis
960 648 978 673 ‚
1000 611 1184 663 clarum
1195 616 1330 667 clarae
1343 615 1493 668 decus
1507 615 1646 668 aulae:

410 632 474 736 S
562 683 611 732 ln
623 697 721 749 qua
735 716 751 740 7
775 680 941 731 sereno
963 679 1094 747 quasi
1108 683 1254 748 polo,

649 747 787 799 Sidus
807 747 1013 799 amabile
1035 753 1149 817 agis,

416 816 556 871 Sidus
580 815 811 867 constanti
830 814 1018 882 semper
1035 814 1226 885 fulgore
1245 817 1450 870 beatum
1464 855 1482 883 2

534 886 598 936 Et
609 881 829 951 auspicati
845 883 1038 933 luminis

652 951 836 1001 Omnia
847 950 960 1000 flore
976 950 1137 1004 beans.

418 1018 521 1073 Sub
534 1017 672 1069 radiis
681 1018 874 1068 fortuna
885 1021 978 1068 tuis
990 1022 1119 1087 viget
1129 1019 1301 1091 inclyta
1313 1023 1476 1089 regni,

538 1087 597 1137 Et
617 1086 852 1137 albicante
863 1085 1046 1137 calculo

654 1155 817 1223 Signat
836 1157 994 1204 amica
1014 1153 1127 1207 dies,

417 1222 493 1273 Sic
504 1234 678 1272 ventos
695 1221 824 1272 coelo
836 1224 988 1272 virtus
1001 1223 1044 1271 in
1057 1221 1161 1273 vela
1173 1220 1408 1275 secundos
1420 1259 1439 1287 ‚

538 1287 882 1354 Fovendojura
900 1290 1095 1357 pellicit3

655 1358 791 1407 Sorte
803 1372 996 1425 regente
1010 1360 1173 1408 ratim.

387 1427 396 1433 ‘
415 1423 493 1473 Sic
504 1438 599 1491 pax
617 1424 742 1474 alma
755 1427 876 1474 viret
887 1460 904 1486 ,
919 1421 1142 1493 civesque
1155 1427 1197 1473 in
1210 1439 1327 1491 pace
1340 1425 1490 1494 quieti

533 1492 713 1558 Sceptri
725 1489 814 1544 sub
831 1491 1014 1544 umbra
1023 1489 1230 1542 candido

639 1561 909 1627 Principem
920 1577 1088 1610 amore
1108 1558 1293 1610 colunt.

414 1625 491 1677 Sic
502 1625 580 1693 piu
588 1645 658 1677 res
669 1630 815 1677 etiam
828 1627 1005 1695 plantat
1017 1626 1221 1678 vststoria
1235 1626 1417 1696 palmas

529 1695 768 1746 Adversus
783 1693 937 1746 hostes
948 1698 1136 1764 patriae,

645 1761 1083 1832 Eumenidumque
1099 1763 1244 1815 faces·

410 1828 490 1879 Sic
500 1831 668 1897 procul
681 1832 861 1892 usurae,
886 1829 1065 1891 caedes,
1088 1830 1135 1880 &
1149 1829 1276 1880 furta
1285 1825 1539 1898 fugantur5

526 1899 638 1948 Nec
654 1898 722 1948 est
736 1900 906 1965 rapinis
919 1934 936 1955 .,
955 1896 1208 1949 fraudibus
1219 1933 1238 1959 ,

645 1965 972 2035 Luxuriaecjue
988 1965 1138 2014 locus.

406 2033 609 2083 Praemia
625 2037 857 2084 virtutem
869 2032 1049 2082 [adstant
1064 2070 1076 2088 ,
1103 2032 1153 2082 δε
1170 2033 1535 2098 criminapoenae

529 2100 780 2153 Bliminata
791 2100 1129 2168 supprimunt:

645 2169 828 2237 Integra
845 2169 946 2233 jura
965 2171 1144 2218 virent:

409 2237 622 2289 Exilium
638 2234 1012 2286 vitiisindiekum
1022 2233 1174 2285 servat
1187 2233 1431 2283 honorem

521 2306 723 2374 RegnO,
741 2307 923 2372 regenti
943 2303 1177 2372 gloriam,

642 2373 1053 2425 Omnibusomne
1067 2369 1230 2421 decus.

405 2439 538 2492 Anne
547 2457 665 2507 ergo
676 2436 765 2490 effe
782 2439 937 2508 potest
947 2438 1230 2509 quidquam
1239 2435 1415 2488 felicius
1433 2437 1540 2490 aula
1553 2475 1571 2503 ,

509 2507 612 2561 Ubi
621 2504 806 2575 sceptra
818 2505 968 2560 Versat
977 2511 1174 2576 aequitas
1186 2544 1205 2571 ,

645 2575 967 2629 Constabilita
977 2577 1182 2627 throno?

404 2641 578 2694 Audax
588 2640 822 2705 fortunae,
846 2646 908 2695 Su
914 2647 1035 2713 peris
1046 2659 1180 2695 tenor
1189 2659 1357 2716 aequus
1368 2658 1584 2698 amatur:

525 2712 627 2777 Qi
638 2713 815 2764 (tumsta
826 2711 953 2780 justo
969 2711 1180 2782 pondere

644 2780 805 2833 Librat
819 2818 836 2843 ,
856 2784 891 2832 is
902 2779 1019 2832 astra
1033 2779 1164 2849 sapit.

401 2845 526 2897 Atlas
537 2848 724 2915 imperii
738 2851 956 2918 Princeps
966 2848 1035 2900 est
1048 2885 1065 2910 ,
1086 2848 1235 2918 ateiue
1249 2849 1479 2902 columna
1496 2863 1516 2902 t

525 2915 617 2967 Sed
628 2913 771 2968 firma
783 2916 890 2984 justi
900 2919 1131 2984 Principis

643 2984 725 3038 Est
736 2985 960 3056 bafisipse
969 2987 1134 3108 gatus·
1863 3053 1918 3107 N

1921 3068 1983 3107 u-
