2075 3292
757 44 1112 118 ἓᾶῑὲἒκοχέξέέ
1842 63 1910 118 25

354 131 655 189 Providentia
666 133 897 186 Numinis
907 134 1112 189 fortunae
1125 147 1289 186 rotam
1300 133 1552 206 dirigente:

620 220 677 253 ne
690 216 822 253 extra
833 203 1048 255 orbitam
1063 203 1287 257 ferretur.

200 273 254 326 N
257 268 385 344 eque
394 271 458 321 fic
466 269 546 321 vel
559 269 759 323 Thebas
767 270 1017 339 Amphion
1031 268 1209 322 fidium
1220 285 1462 322 concentu
1483 288 1691 325 erexerat
1700 311 1719 336 ³

148 355 205 394 ut
217 337 525 402 suaviffimiS,
545 336 597 387 &
608 337 832 405 exemplo
842 337 1037 390 amabili
1054 335 1255 389 conditis
1270 339 1575 391 Eoum-:mus
1585 342 1730 393 illiciis
1742 377 1762 406 ,

515 404 635 456 dura
645 409 907 474 caeteroqui
921 404 1075 456 corda
1090 404 1407 458 subditorum

265 477 311 526 in
323 490 477 526 unam
490 471 1048 541 Ecclefiamoptatiffima
1060 472 1171 523 fidei
1181 477 1359 524 unione
1372 473 1635 540 conjunxit.

446 539 542 594 Sed
558 544 719 612 neque
729 542 964 610 Regnum
973 555 1077 592 tam
1093 540 1184 591 fuit
1194 560 1275 591 am
1314 541 1417 592 lum
1429 577 1446 604 ,

449 611 597 678 quin,
614 623 669 659 ut
679 608 862 660 bonase
879 612 1257 661 communicare
1288 610 1416 659 olent
1426 645 1444 671 ,

456 691 589 727 extra
599 675 769 728 limites
786 675 1062 728 extenderet
1081 676 1206 727 hanc
1213 680 1460 745 pietatem.

468 742 709 813 siquidem
721 745 771 796 ὃ(
781 744 963 805 verbO,
988 745 1040 794 δε
1054 762 1196 794 exem
1236 745 1281 794 lo
1294 761 1466 812 potens

273 813 389 863 alios
398 815 601 883 quoque
616 813 772 881 Reges
784 811 844 862 ad
854 815 1174 863 imitationem
1182 761 1401 863 ignotam
1413 814 1638 877 invitavit.

307 882 380 932 Ut
388 896 564 948 nempe
574 878 686 929 suus
701 877 899 930 Miltiadi
917 878 1274 931 Themistocles
1295 897 1392 931 non
1405 877 1606 940 deellet3

116 1007 119 1009 Α
145 946 196 996 &
208 947 449 1000 columba
460 946 676 1000 balsamo
688 947 900 999 delibuta
912 948 1067 1017 plures
1084 948 1289 998 traheret
1301 946 1358 997 ad
1370 946 1606 998 foramina
1618 947 1779 997 Petrae.
1833 968 1841 975 -

101 1012 276 1065 Fideles
288 1030 342 1065 ut
352 1014 514 1065 fratres
525 1054 536 1072 ,
554 1014 637 1087 atq*
643 1033 701 1066 ue
713 1014 778 1065 do
787 1034 863 1066 me
870 1013 1008 1066 sticos
1018 1015 1189 1066 sancto
1200 1016 1370 1066 osculo
1380 1013 1825 1084 coinplestebatur:

185 1096 358 1149 utpote
376 1097 503 1154 quos
515 1087 645 1134 cives
659 1083 954 1133 Sanctorum
966 1121 983 1145 ,
1005 1084 1054 1133 δε
1067 1083 1362 1134 domesticos
1374 1084 1475 1134 Dm
1494 1092 1709 1133 crederet
1727 1120 1741 1140 ‚

499 1151 607 1202 &in
624 1151 741 1202 caelo
750 1149 861 1202 secu
869 1170 923 1201 m
933 1151 1100 1203 beatos
1111 1148 1199 1202 elle
1212 1165 1427 1220 cuperet.

402 1217 691 1271 Mirandum
705 1217 867 1276 simul,
882 1218 1224 1284 &jucundum
1238 1235 1334 1270 erat
1351 1217 1510 1270 videre
1525 1254 1543 1281 ,

441 1284 595 1354 usque
615 1287 675 1337 acl
686 1286 912 1337 Umbriae
921 1288 1137 1336 fluvium
1150 1286 1490 1338 dominantem
1508 1304 1521 1337 ε

191 1348 446 1420 Obsequio
456 1367 622 1404 tamen
642 1351 815 1403 infimo
825 1389 842 1415 ‚
863 1353 911 1402 ὅ(
925 1352 1019 1403 sine
1030 1354 1221 1406 umbris
1231 1390 1247 1415 ,
1264 1372 1288 1403 e
1294 1352 1721 1422 genisservientem
1732 1362 1753 1412 ἦ

597 1419 649 1470 &
663 1423 782 1470 inter
790 1420 921 1472 orbis
933 1420 1108 1487 Capita
1119 1425 1422 1472 eminentem

264 1502 323 1536 ne
334 1488 569 1538 minimos
579 1487 785 1557 quidem
799 1524 817 1550 ‚
838 1491 987 1538 etiam
997 1488 1023 1539 ‘a
1033 1487 1259 1557 pedibus,
1278 1487 1604 1557 aspernantem
1619 1502 1636 1541 2

541 1572 667 1606 cum
686 1555 954 1608 humilibus
963 1555 1108 1608 libere
1117 1554 1386 1607 versantem
1398 1593 1416 1618 ,

330 1618 376 1671 se
393 1619 493 1689 ipso
505 1637 668 1674 tamen
679 1622 787 1672 inde
800 1622 860 1672 nil
873 1627 1121 1676 minorem
1130 1660 1148 1687 ,
1167 1623 1270 1675 imo
1282 1623 1332 1674 &
1345 1621 1613 1687 maiorem:

503 1694 615 1760 quia
626 1688 903 1741 demilfione
913 1688 982 1742 sui
998 1692 1110 1742 Deo
1122 1696 1417 1761 propiorem.

255 1755 324 1805 Ita
334 1754 379 1806 le
389 1754 578 1827 semper
587 1757 831 1810 attollebat
842 1757 1003 1810 humo
1012 1795 1030 1820 ‚
1045 1774 1100 1810 ut
1108 1759 1280 1827 procul
1292 1756 1469 1812 abeliet
1479 1758 1505 1809 'a
1515 1755 1661 1809 fumo
1679 1777 1694 1810 :

288 1825 335 1872 in
343 1824 533 1892 puncto
542 1826 704 1896 gloriae
715 1825 925 1877 acuebat
938 1827 1133 1878 honoris
1144 1845 1373 1888 acumen,
1387 1825 1686 1882 hebetando,-

421 1891 599 1944 utillud
617 1892 788 1963 figeret
805 1897 852 1943 in
867 1891 1098 1961 supremo
1117 1897 1318 1947 Virtutis
1328 1910 1509 1945 centrO.
1546 1926 1548 1929 f

141 1956 403 2026 Tanquam
415 1961 524 2013 nihil
537 1960 802 2012 habentem
815 1997 832 2023 .,
855 1962 905 2011 ὅ(
915 1977 1187 2029 pauperem
1199 1961 1377 2013 Christi
1396 1959 1660 2012 exhibebat
1669 1956 1760 2011 sese
1777 1979 1793 2007 .-

223 2024 323 2076 CUi
337 2025 396 2075 ad
406 2034 514 2083 vitae
526 2027 827 2095 jucundioris
840 2065 856 2089 ,
870 2028 918 2078 &
930 2029 1091 2097 Regiae
1107 2028 1383 2081 commoda
1395 2029 1508 2080 nihil
1520 2027 1706 2078 deerat:

530 2094 612 2147 nisi
622 2095 763 2165 quod
774 2095 865 2165 ipse
876 2096 1099 2147 vincendi
1109 2095 1177 2148 sui
1192 2096 1352 2148 studio
1364 2135 1382 2159 a

503 2164 751 2218 virtutisve
767 2182 935 2215 amore
945 2163 1031 2217 fibi
1041 2162 1168 2216 decli
1170 2167 1194 2214 e
1206 2166 1443 2216 voluerat.

381 2235 579 2304 Qibus
589 2231 823 2303 equidem
836 2231 973 2284 fastis
986 2233 1175 2282 mundo
1188 2231 1536 2284 admirandum
1547 2271 1563 2292 ,

302 2303 447 2356 Coelo
463 2318 630 2354 autem
641 2297 888 2368 jucundiffi
896 2318 981 2351 mu
989 2319 1041 2350 m
1059 2299 1279 2351 exhibuit
1288 2297 1641 2369 speetaculum.

132 2371 251 2423 Hoc
262 2371 378 2422 vero
391 2375 436 2422 in
447 2390 505 2423 eo
514 2369 745 2439 singulare
763 2368 1062 2421 miraculum
1073 2405 1090 2431 ‚
1112 2368 1162 2418 ὃς
1176 2371 1424 2420 virtutum
1434 2366 1807 2437 compendium:

117 2439 274 2506 Qod
284 2439 391 2490 felix
402 2439 704 2490 &continens
714 2476 726 2495 ‚
739 2435 1010 2490 fortunatus
1022 2438 1076 2490 δε
1093 2434 1280 2488 sobrius
1289 2435 1560 2488 constanter
1569 2432 1796 2486 incesserit
1805 2471 1826 2498 ‚

115 2507 164 2557 in
180 2507 363 2559 lubrica
374 2511 519 2559 etiam
533 2510 609 2559 via
625 2506 797 2559 arbitrii
808 2509 1303 2576 praepotentis,ani1no
1313 2502 1605 2573 impressum
1616 2502 1822 2556 habens:

185 2588 542 2642 temperantem
551 2573 639 2626 effi:
652 2590 870 2643 oportere
882 2612 899 2638 ,
917 2575 1005 2645 qui
1017 2577 1186 2625 omniu
1195 2593 1247 2625 m
1257 2577 1442 2625 animos
1454 2585 1767 2641 temperaret:

568 2638 693 2695 cum
703 2661 853 2695 nemo
863 2641 944 2696 det
953 2680 970 2706 .,
980 2641 1117 2712 quod
1126 2660 1225 2694 non
1234 2642 1382 2694 habet
1394 2662 1410 2704 ς
1428 2658 1437 2673 ⁸

404 2709 644 2764 Sobrium
654 2749 672 2775 .,
729 2715 778 2762 ui
791 2710 949 2764 sobria
966 2709 1169 2763 traetare
1180 2710 1366 2762 consilia
1377 2708 1514 2762 vellet
1526 2721 1547 2770 3

377 2779 554 2832 sanum
563 2816 580 2842 ,
594 2783 680 2850 qui
689 2727 793 2832 Ena
803 2778 861 2830 de
871 2780 1016 2832 rebus
1030 2778 1209 2847 judicia
1217 2779 1338 2830 ferre
1346 2791 1567 2846 cuperet:

259 2850 615 2905 continentem,
633 2852 719 2918 qui
741 2848 931 2918 legibus
948 2846 1139 2899 fraenare
1158 2847 1364 2916 populos
1381 2843 1691 2909 defideraret3

245 2913 298 2966 ὃ(
308 2913 486 2966 haltere
510 2913 598 2968 suo
609 2913 819 2967 firmum
829 2929 849 2977 5
866 2919 951 2987 qui
961 2913 1070 2967 suos
1078 2919 1121 2966 in
1133 2915 1265 2966 reeta
1275 2928 1464 2984 opt-aret
1474 2911 1593 2964 stare
1602 2913 1736 2964 linea.

448 2983 576 3035 Hinc
592 3001 651 3035 ne
662 2983 832 3037 dubita
849 2984 1111 3052 sapientem
1123 2980 1259 3034 fuifle
1268 2985 1338 3034 Re
1344 2996 1491 3051 gem3

277 3046 400 3103 esim
407 3048 638 3119 [apientiae
648 3055 939 3121 primarium
947 3050 1330 3173 figdamentum
1345 3051 1399 3102 sit
1409 3049 1635 3104 sobrietas
1648 3069 1659 3101 ε

1819 3129 1931 3182 quae
