2075 3292
852 29 1211 103 {efflorere}

363 124 637 193 repulitque
656 121 855 173 vincula
873 136 947 171 tot
968 121 1203 173 cordium
1229 121 1478 193 illigatione
1489 124 1689 184 famosa.

554 194 746 242 uamvis
769 207 867 240 non
879 207 939 238 eo
952 224 969 251 .,
986 204 1090 258 quo
1110 188 1331 257 sperabat
1343 209 1537 246 eventia.

671 259 812 312 Nam
824 255 1164 325 dumvetstigal
1176 258 1372 324 abnuit,

760 323 820 374 ad
830 321 993 394 vectio,
998 324 1035 374 al
1053 326 1269 393 impulit:

306 390 511 444 sanctius
524 407 688 444 tamen
700 429 716 456 ,
772 395 849 442 uia
867 409 964 442 non
974 409 1309 444 nummorum
1321 430 1338 455 ‚
1358 391 1437 445 sed
1449 399 1520 447 ani
1527 414 1746 452 morum.

515 462 741 512 interimi
767 459 865 512 abit
876 459 1177 511 haecinvi&o
1203 462 1402 529 Principi
1414 464 1535 514 laus:

392 528 617 579 Mentem
633 529 771 578 illum
789 522 983 596 gestfflse
1001 546 1059 578 eo
1081 527 1337 580 adamante
1359 530 1631 583 obseratam
1640 555 1656 594 3

501 608 654 665 quem
666 595 785 646 olim
798 612 885 646 nec
898 595 1061 648 imber
1070 613 1244 646 aureus
1264 594 1531 652 reclusisset.

827 663 958 715 Bene
977 662 1230 733 equidem,

655 732 778 796 (Quis
799 735 871 781 eni
879 750 928 781 m
939 748 1034 780 non
1047 730 1397 799 indigneferat,

374 815 493 847 auro
506 797 882 868 Regemsubjici
895 837 911 860 ,
935 803 1012 849 cui
1033 800 1109 849 vel
1128 800 1153 850 st
1173 798 1372 851 subditis
1386 803 1682 868 imperetur3

355 881 435 916 aut
447 866 635 918 Divinae
651 866 891 934 potestatis
915 867 1156 918 aemulum
1172 867 1390 918 damnari
1403 868 1463 918 ad
1477 869 1667 920 metalla
1679 878 1700 919 ,θ

638 933 1067 985 Maluitsolisimilis
1079 933 1167 985 esse
1191 937 1401 988 Eme-us:

432 1001 571 1068 cujus
585 1001 673 1061 est,
699 1000 972 1054 minoribus
997 1001 1126 1052 astris
1137 1002 1304 1053 lucem
1316 1003 1581 1055 concedere
1592 1041 1611 1067 ‚

716 1087 814 1120 non
836 1070 895 1122 ab
911 1067 1079 1120 iisdem
1093 1075 1323 1124 mutuari.

743 1136 1153 1203 Rejecitobtrusas
1166 1154 1282 1206 opes
1296 1159 1307 1190 :

401 1221 457 1253 ne
470 1201 758 1257 confeffione
776 1203 1047 1273 indigentiae
1062 1206 1327 1256 macularet
1338 1222 1610 1273 purpuram
1623 1229 1639 1267 5

443 1272 680 1334 autcerte,
698 1291 756 1338 ne
768 1272 1027 1340 voluptatis
1045 1271 1590 1324 admitteretincentiva:

575 1343 660 1406 qui
686 1342 960 1408 voluptates
978 1339 1177 1391 dudum
1205 1336 1477 1409 subegisset.

555 1409 753 1459 Gnarus
765 1444 782 1469 ,
802 1411 1035 1459 Romanis
1053 1408 1158 1475 plus
1175 1407 1287 1459 Afiae
1300 1407 1485 1460 divitias
1498 1444 1516 1470 ,

557 1474 714 1545 quam
735 1476 951 1537 Cannam,
965 1473 1264 1528 &Trebiam
1281 1473 1510 1528 obfuiffi:

638 1540 813 1612 eosque
824 1560 922 1593 non
936 1540 1159 1594 hostium
1179 1546 1368 1595 acinace
1380 1579 1397 1606 ,

447 1608 528 1661 sed
540 1609 717 1678 opibus
734 1609 1009 1663 eorundem
1031 1613 1179 1679 captis
1196 1607 1329 1662 fuiffe
1349 1610 1603 1663 subrutos:

408 1694 563 1746 parvo
581 1676 854 1730 discrimine
866 1715 882 1740 3
897 1676 1110 1740 serrone,
1132 1695 1188 1729 an
1203 1697 1342 1738 auro,
1353 1678 1598 1748 juguleris·

611 1746 948 1798 ER1cquerc¹>
964 1745 1103 1796 domi
1122 1762 1227 1797 tam
1245 1745 1426 1797 fortem

350 1811 462 1881 quis
482 1816 712 1876 miretur,
735 1831 832 1865 non
852 1817 1014 1865 minus
1033 1818 1178 1864 animi
1196 1819 1240 1864 in
1256 1813 1417 1865 hostes
1434 1808 1657 1865 attulille?

542 1883 743 1949 Nempe
757 1881 1011 1932 eruditum
1021 1884 1065 1931 in
1076 1882 1259 1934 umbra
1269 1881 1330 1931 ad
1338 1881 1455 1932 soles
1467 1919 1484 1944 ,

231 1940 414 1998 &inter
427 1944 700 2000 domestica
720 1949 930 2017 pericula
946 1949 1159 2000 victoriis
1178 1952 1437 2017 peregrinis
1456 1948 1815 2019 praeludentem.

547 2018 716 2086 Ingens
735 2016 1051 2086 harumseges
1062 2018 1098 2067 F
1098 2020 1306 2068 inonum
1318 2020 1449 2067 natio
1459 2055 1472 2075 ‚

536 2084 759 2135 Praetoria
777 2084 1093 2136 tenebrarum
1106 2088 1329 2202 Psisscffiis
1348 2088 1500 2135 acies:

466 2147 622 2220 eoque
634 2155 677 2201 in
689 2152 888 2202 ultimos
907 2150 1106 2219 seposita
1119 2170 1224 2202 rece
1265 2170 1322 2202 us
1344 2151 1603 2221 aquilonis3

654 2219 736 2270 seu
747 2234 799 2270 ut
810 2235 1026 2270 tueretur
1035 2218 1396 2287 ledemimperii
1408 2255 1427 2283 ,

642 2285 725 2338 seu
736 2302 791 2339 ut
801 2285 1000 2356 quonda
1010 2286 1179 2337 minde
1193 2283 1357 2338 emiffa
1368 2323 1387 2350 .‚

452 2352 632 2410 orbem
648 2358 770 2406 iteru
779 2373 829 2405 m
841 2355 994 2405 cultui
1010 2353 1302 2405 daemonum
1311 2351 1586 2406 vindicaret.

565 2424 700 2474 Huic
716 2423 842 2473 certe
856 2423 1155 2474 sacramento
1167 2422 1417 2475 audkorata
1426 2460 1444 2485 ,

444 2491 544 2545 veri
566 2490 802 2543 Numinis
814 2491 886 2542 vel
901 2490 1062 2560 ipsum
1072 2508 1255 2542 nomen
1267 2489 1586 2545 aversabatur.

327 2610 331 2613 ,
354 2610 357 2612 ,
448 2563 564 2616 Nec
574 2557 666 2610 aliis
677 2576 801 2629 opus
815 2595 833 2622 a
855 2575 911 2611 ut
924 2557 1056 2609 hoste
1063 2578 1116 2609 m
1127 2558 1327 2612 haberet
1337 2561 1564 2611 Emeum:
1581 2561 1584 2563 ’

249 2632 334 2698 qui
346 2632 390 2680 ni
400 2629 695 2696 hilunquam
704 2626 900 2690 oderat,
920 2625 1266 2696 praeterscelera
1277 2663 1294 2690 ,
1316 2628 1366 2679 ὅ(
1377 2625 1777 2697 superstitionem.

568 2697 702 2765 Ergo
719 2699 990 2748 inimicitias
1006 2694 1167 2763 palam
1184 2690 1447 2764 profeffi15‚

473 2782 631 2834 quam
649 2768 682 2815 it
701 2764 948 2833 perditum
962 2800 980 2827 ,
997 2763 1200 2816 salutem
1212 2762 1357 2816 offert
1371 2766 1499 2834 genti
1514 2775 1531 2818 ε

436 2833 651 2884 vistoriae
663 2848 852 2884 metam
862 2833 1067 2884 statuens
1084 2831 1300 2885 hostium
1312 2831 1610 2885 felicitatem·

382 2899 524 2953 Hanc
532 2917 587 2954 ut
598 2905 855 2969 recipiant,
875 2900 1098 2969 precibus
1110 2917 1251 2970 rogat
1261 2938 1278 2963 ,
1296 2906 1443 2952 etiam
1455 2899 1665 2952 armatiS.

596 2967 690 3020 Sed
703 2968 940 3021 obstinata
960 2970 1148 3022 inmalo
1166 2974 1237 3020 im
1274 2973 1386 3020 ietas

577 3043 579 3045 ’
600 3081 604 3086 .
670 3039 918 3090 *indomita
924 3041 1115 3102 ceruice
1124 3035 1230 3091 obsi
1277 3041 1331 3091 'tt

999 3149 1029 3156 ι..
