2075 3292
816 19 1178 90 ξὲἓχοχὲᾖέ
1899 40 1917 74 1
1928 39 1957 74 1·

269 351 791 645 ‘RCEQ
863 343 1617 642 NJHNTiJlEI

637 667 1005 748 Modestia
1030 691 1353 748 ornatus,

365 825 603 896 Egiarum
610 826 792 876 virtutu
800 839 852 874 m
862 821 1219 890 compendium
1231 859 1248 883 ,

202 825 358 1009 R
588 891 764 962 inclyta
773 888 1026 956 Majorum
1036 888 1242 941 suorum
1258 889 1407 960 gloria
1420 928 1436 954 ,

230 1010 235 1012 .
645 957 750 1010 imo
761 957 812 1008 &
822 975 1004 1008 corona
1024 958 1267 1009 CANuTus
1285 957 1398 1009 fuit:

455 1024 673 1091 adeoque
682 1027 786 1096 plus
798 1028 984 1076 Parenti
999 1024 1087 1076 suo
1097 1024 1303 1076 reddidit
1315 1027 1510 1077 honoris
1521 1064 1537 1090 ³

528 1093 703 1161 Qam
713 1093 926 1162 Philippo
939 1092 1196 1163 quondam
1209 1093 1483 1147 Alexander.

200 1162 452 1216 Nondum
462 1166 648 1231 primos
666 1158 875 1233 egreffus
894 1176 1042 1212 annos
1059 1160 1234 1212 futurae
1247 1161 1450 1230 praelufit
1464 1162 1802 1235 magnitudini.

404 1229 949 1300 Subsequumnamque
965 1233 1156 1279 nunciat
1177 1232 1364 1280 Aurora
1384 1229 1545 1293 diem,

584 1297 767 1348 umbra
783 1295 938 1346 solem
956 1331 974 1357 -,
995 1312 1079 1345 Ver
1090 1311 1410 1349 autumnum.

431 1362 681 1416 Admirata
692 1361 760 1413 est
773 1377 944 1430 praeter
953 1377 1134 1412 naturae
1145 1361 1372 1414 ordinem
1382 1365 1539 1416 Dania

506 1448 508 1450 ’
727 1433 775 1480 in
790 1432 974 1480 Aurora
996 1428 1254 1481 meridiem
1265 1468 1282 1493 ,

749 1500 797 1547 in
806 1515 918 1548 vere
930 1513 1232 1548 autumnum
1245 1535 1263 1560 ,

791 1568 836 1614 in
846 1564 1038 1615 infantia
1054 1569 1234 1617 virum.

524 1635 683 1703 Reges
695 1647 864 1683 natura
885 1633 1014 1683 nasci
1027 1631 1199 1684 docuit
1210 1670 1227 1695 7
1246 1651 1344 1683 non
1355 1631 1481 1686 fieri:

406 1755 411 1763 ¹
442 1699 543 1754 fieri
553 1717 721 1753 tamen
731 1699 898 1751 docuit
909 1705 1062 1751 virtus
1076 1701 1142 1753 ob
1149 1700 1308 1755 sterrix
1318 1718 1515 1754 naturae.

520 1768 690 1835 Qalis
701 1765 893 1820 futurus
903 1768 1136 1821 Hercules
1153 1806 1168 1831 7
1180 1786 1326 1819 cunas
1345 1769 1480 1820 vide:

597 1834 677 1887 sed
691 1835 796 1886 &in
810 1841 948 1888 cunis
960 1836 1111 1888 robur
1123 1836 1377 1891 admirare.

433 1904 606 1971 Qam
617 1902 1085 1973 excelsamlpondeat
1108 1905 1352 1955 CANuTus
1363 1903 1580 1955 indolem

555 1975 770 2040 primam
780 1971 893 2022 illius
904 1988 1095 2022 aetatem
1108 1971 1456 2040 contemplare.

655 2039 705 2089 ὅ(
725 2042 771 2088 in
787 2039 1108 2090 hacindolem
1118 2057 1355 2091 venerare.

379 2106 450 2157 Ut
460 2103 610 2158 solem
622 2104 837 2175 produnt
853 2106 966 2157 radii
984 2145 1002 2170 ,
1021 2106 1082 2157 sic
1092 2111 1235 2174 primi
1246 2110 1480 2159 virtutem
1493 2112 1613 2163 anni.

579 2174 715 2222 Nihil
724 2177 769 2220 in
781 2175 875 2223 hoc
884 2191 1053 2241 praeter
1063 2192 1211 2225 annos
1221 2191 1446 2226 tenerum
1462 2222 1473 2228 -

393 2252 561 2307 praeter
577 2243 699 2289 vires
709 2272 721 2290 ‚
740 2254 909 2290 tenerae
921 2239 1097 2291 scilicet
1107 2247 1250 2292 aetatis
1262 2279 1279 2307 7
1291 2241 1485 2294 imbelle
1498 2244 1628 2298 nihil.

183 2308 235 2357 In
244 2321 342 2377 qua
355 2321 519 2357 tamen
535 2304 627 2375 ipsa
641 2321 896 2358 maturum
911 2326 1074 2358 mores
1085 2344 1101 2371 .‚
1122 2311 1322 2359 virtutes
1366 2309 1603 2362 robarunt
1614 2314 1825 2382 Regem.

312 2376 372 2426 Et
382 2380 444 2425 ita
454 2376 670 2444 legitimo
685 2393 732 2425 re
738 2378 817 2444 gni
827 2372 1055 2444 suffragio
1067 2394 1278 2445 regnum
1289 2325 1362 2427 eg
1366 2375 1660 2430 consecutus
1673 2416 1692 2440 ,

50 2460 159 2496 raro
170 2439 276 2494 sane
284 2444 516 2513 prodigio
531 2446 765 2494 omnium
779 2444 986 2496 vocibus
1005 2448 1048 2494 in
1065 2461 1220 2495 unam
1236 2445 1548 2497 harmoniam
1568 2450 1967 2511 concinentibus}

587 2510 697 2580 post
708 2510 943 2563 exactum
953 2511 1087 2563 chori
1098 2513 1426 2566 turbatorem.
1561 2552 1570 2560 .

257 2577 464 2632 Hancut
474 2579 526 2628 &
544 2579 778 2631 Caelitum
787 2579 1045 2648 probarent
1057 2597 1193 2632 aures
1210 2618 1228 2645 ,
1251 2585 1298 2632 in
1315 2580 1451 2632 sacris
1461 2585 1590 2632 auxit
1602 2583 1767 2637 Odeis.

332 2647 723 2720 Primanamcjue
741 2651 874 2715 regni
882 2647 1201 2700 fundamenta
1215 2648 1440 2702 stabilivit
1450 2650 1697 2719 religione:

204 2721 392 2787 Utpote
402 2733 513 2787 quae
524 2753 541 2779 ³
553 2731 608 2767 ut
625 2715 747 2769 bafis
757 2717 826 2767 est
834 2719 1073 2769 virtutum
1086 2753 1102 2779 ,
1116 2715 1181 2768 fic
1196 2718 1426 2768 columen
1438 2716 1506 2768 est
1516 2736 1802 2788 regnorum.

528 2781 639 2834 Inde
649 2787 808 2851 prima
818 2783 872 2834 illi
881 2785 1126 2837 sacrarum
1137 2783 1320 2838 aedium
1331 2798 1470 2840 curat

295 2869 414 2925 quas
427 2852 476 2903 &
488 2851 746 2917 reditibus5
767 2852 818 2903 δί
836 2855 1036 2922 pretiosa
1054 2850 1322 2922 supellectili
1335 2871 1503 2904 ornare
1515 2857 1663 2923 coepit
1675 2875 1689 2902 .-

393 2936 450 2973 ut
460 2923 714 2988 reciproco
729 2921 840 2971 hinc
849 2919 1094 2990 splendore
1106 2922 1154 2972 &
1165 2921 1345 2991 sceptra
1355 2920 1615 2974 illustraret.

431 2990 561 3058 Qia
577 2987 692 3042 ver&
705 2987 766 3042 ad
778 2989 867 3042 alta
876 2994 972 3044 nati
982 2993 1109 3060 paria
1122 2992 1388 3049 moliuntur
1397 2993 1573 3054 animi,

1822 3062 1958 3114 Mar·
