2055 3292
58 40 150 101 108
793 25 1180 100 ἓὲἐέῢξῠὶῖἓὲἑὲῗ
1221 56 1226 60 ·

398 123 432 175 fi
445 115 684 189 quispiam
691 111 813 165 forte
823 114 1100 166 ambitionis
1109 129 1255 164 reum
1265 125 1312 164 te
1323 127 1489 168 notare
1495 120 1643 182 'aufit3

309 192 435 244 dum
447 191 600 256 Regio
612 185 724 235 huic
734 184 984 234 AposToLo
995 196 1147 232 tuum
1157 185 1344 249 imponi
1355 199 1536 237 nomen
1544 187 1710 254 jubes:

263 277 317 314 nt
329 261 402 313 vel
411 259 474 310 fic
491 249 691 306 accedat
707 254 854 302 etiam
866 251 1232 301 AposmroxuM
1241 261 1451 302 numero
1464 255 1760 312 STEPHANUS.

196 329 388 385 Verum
395 345 454 378 ne
464 327 599 375 inane
607 317 766 371 {olum
775 334 960 368 nomen
973 318 1216 368 STEPHANI
1224 318 1435 370 transiret
1444 324 1490 371 in
1502 325 1822 390 Aposrorum,

180 396 516 470 protectorem
523 389 568 442 se
578 392 618 442 ei
635 421 648 442 ‚
669 389 719 438 δε
738 399 1089 454 praeceptorem
1101 383 1302 436 Sanctus
1312 390 1482 456 recipit
1498 388 1587 440 esse
1598 390 1839 444 futurum.

56 472 129 524 Ut
137 466 209 524 v'el
220 467 281 519 fic
291 480 459 535 praeter
468 474 650 511 nomen
658 457 905 523 optimam
913 450 982 504 sui
996 467 1186 520 partem
1197 455 1241 502 in
1250 454 1500 507 novellum
1511 456 1964 515 derivetAPosTOLfi:

309 537 543 585 virtutem
558 523 752 594 scilicet„
773 520 825 572 &
836 520 1116 589 Apostolico
1129 519 1327 588 plenum
1347 524 1452 573 zelo
1465 524 1699 594 spiritum.
1787 542 1790 543 ’

498 595 647 663 Perge
660 607 806 659 porro
819 589 1185 657 Proto-Martyr
1196 587 1392 640 sanffiffi
1398 609 1478 641 me
1487 596 1511 648 ',

348 669 429 719 Sic
450 663 509 715 ad
524 655 829 730 Apostolatfis
845 655 1010 707 infulas
1023 693 1039 718 ⁷
1058 656 1161 706 imo
1173 656 1224 706 δε
1240 675 1447 710 coronas
1458 659 1668 729 aspirare.

313 737 393 790 Da
404 733 591 786 favente
604 727 731 778 coelo
750 724 933 776 multos
943 722 1178 790 ejusmodi
1196 725 1387 776 mundo
1400 728 1703 789 STEPHAXNosi

614 797 700 865 qui
713 793 762 844 ὅ(
772 795 933 844 REGES
945 792 1031 842 sint
1042 829 1060 856 ‚
1080 792 1130 841 ὅ(
1140 792 1402 858 Ammon,-

603 864 654 914 δε
666 860 873 931 utroque
885 863 1084 911 nomine
1096 874 1142 910 te
1153 863 1417 914 imitentur.

532 931 808 984 Nihilenim
825 927 1159 977 hicintercedit
1172 932 1475 998 arrogantiae:

397 1005 485 1056 ubi
494 995 738 1070 quidquid
754 1010 1002 1064 arrogatur
1011 1031 1028 1057 a
1041 997 1182 1062 pium
1193 995 1261 1044 est
1271 1033 1288 1058 .,
1301 996 1350 1046 &
1363 995 1529 1049 saneta
1537 1017 1605 1051 m.

193 1077 254 1131 At
271 1091 426 1146 quem
442 1083 676 1138 putemus
685 1063 913 1115 futurum
923 1061 1018 1131 *sub
1029 1077 1165 1112 tanto
1177 1064 1478 1132 Praeceptore
1497 1056 1784 1134 discipulum
1796 1069 1813 1118 ἓ

614 1134 787 1199 Qem
796 1131 885 1183 sub
898 1146 1029 1181 tanto
1043 1131 1187 1180 Duce
1209 1132 1448 1183 militem?

283 1254 290 1260 .
309 1210 527 1262 Exitium
539 1201 645 1254 sane
661 1201 747 1252 tibi
765 1203 883 1249 time
896 1235 912 1261 ,
932 1196 1178 1264 pernitiosa
1200 1199 1413 1250 Sathanae
1434 1202 1693 1270 synagoga
1706 1237 1723 1261 ,

208 1280 257 1330 ὃ(
270 1275 488 1347 quisquis
502 1273 596 1322 hoc
607 1266 839 1337 magistro
854 1263 1182 1333 noxiaspargis
1193 1282 1276 1333 per
1297 1268 1548 1317 mundum
1563 1269 1814 1337 dogmata.

115 1348 334 1416 Qando
347 1343 594 1395 redivivus
610 1339 851 1388 STEPHANI
862 1331 1041 1402 spiritns
1052 1350 1151 1383 non
1162 1331 1316 1387 solum
1327 1339 1421 1385 oris
1429 1335 1657 1403 utrinque
1669 1352 1898 1398 acutum,

292 1412 386 1467 Sed
401 1411 451 1463 &
465 1405 708 1460 invictum
718 1405 996 1471 potentioris
1008 1400 1185 1470 dextrae
1195 1401 1418 1472 gladium
1429 1407 1672 1472 arripuerit
1683 1421 1697 1456 ὲ

322 1510 325 1515 «
677 1474 786 1541 quis
796 1486 840 1520 te
850 1469 1045 1538 clypeus
1062 1467 1315 1520 defendet?
1394 1481 1396 1484 ’

51 1556 129 1608 De
140 1552 282 1606 bonis
298 1553 440 1620 igitur
456 1541 609 1613 pactis
624 1541 808 1611 cogita:
829 1539 990 1609 neque
1009 1536 1322 1604 lapidandum
1337 1537 1539 1606 amplius
1559 1540 1797 1590 inermem
1807 1536 1965 1606 spera:

120 1642 122 1645 ·
433 1605 689 1681 quifortiffi
696 1610 763 1657 mi
775 1608 1000 1673 Principis
1011 1603 1257 1673 assumpfit
1268 1614 1575 1674 apparatum.

644 1676 834 1744 Alioqui
845 1688 935 1723 tuo
945 1672 1092 1723 disces
1101 1672 1328 1740 exemplo
1339 1708 1357 1734 ,

653 1743 813 1813 quam
824 1740 1010 1792 durum
1020 1739 1073 1790 fit
1091 1740 1209 1790 allidi
1221 1755 1366 1806 petrae

652 1815 698 1860 in
710 1809 1028 1860 firmamento
1042 1806 1154 1856 fidei
1167 1806 1388 1860 solidatae.

534 1877 642 1931 Im&
653 1877 684 1927 fi
697 1893 778 1927 tua
788 1891 956 1943 pergat
967 1874 1012 1924 se
1023 1890 1268 1941 opponere
1286 1872 1456 1926 duritia
1468 1911 1487 1938 ‚

671 1938 888 2012 oppreffa
906 1939 1324 2009 cadetlapidibus5
1395 1948 1400 1955 '

246 2026 373 2093 quo's
384 2023 429 2070 in
438 2016 641 2067 alterum
654 2011 732 2064 ate
746 2010 900 2078 jactos
911 2047 929 2072 .,
947 2008 1251 2078 retorquebit
1266 2008 1348 2059 iste
1358 2011 1403 2059 in
1415 2023 1460 2059 te
1475 2011 1773 2066 STEPHANUS.

102 2130 105 2134 -
170 2096 448 2148 Arosrorus
465 2082 586 2135 cum
595 2077 708 2131 eflet
721 2081 1005 2131 STEPHANus
1017 2092 1154 2127 certo
1166 2078 1406 2128 Vaticanae
1417 2074 1534 2128 sedis
1545 2079 1821 2132 testimonio
1831 2118 1850 2145 ‚

407 2155 600 2221 Regem
611 2146 704 2215 ipse
715 2145 760 2198 se
773 2145 1039 2196 testabatur
1047 2158 1235 2210 arrepto
1245 2145 1399 2211 Regni
1417 2144 1606 2213 gladio:

512 2277 515 2280 ,
596 2232 651 2267 ut
672 2214 776 2281 jura
788 2231 914 2264 cum
924 2213 1206 2262 Rmmom
1215 2225 1446 2265 tueretur.

525 2286 691 2336 Rexne
699 2280 816 2337 vero
824 2285 895 2350 pri
900 2280 952 2331 us
962 2317 979 2342 ,
992 2298 1049 2330 an
1063 2281 1171 2347 Apo
1178 2278 1322 2331 stolus
1336 2276 1476 2332 fuerit
1485 2317 1503 2342 ,

310 2377 409 2412 non
420 2348 919 2425 quidemexcellenti‘a
935 2366 985 2398 m
993 2351 1146 2398 uneris
1157 2384 1173 2410 ,
1186 2346 1265 2398 sed
1275 2346 1441 2399 ordine
1455 2351 1690 2417 temporis
1698 2385 1717 2414 ‚

838 2419 945 2486 quis
964 2413 1186 2471 decidat?

466 2487 736 2556 utrumque
749 2485 853 2537 fore
864 2523 880 2548 2
894 2480 1121 2535 nondum
1130 2498 1268 2536 natus
1277 2483 1574 2552 praediciturt

652 2558 734 2607 vix
749 2569 890 2607 natus
899 2549 1172 2622 utrumque
1187 2554 1341 2621 spiratt

451 2625 723 2694 utriunque
744 2641 874 2675 voce
887 2620 1056 2674 sonora
1066 2621 1250 2672 coelum
1264 2619 1523 2671 denunciat
1537 2635 1558 2676 e

469 2693 545 2745 ide
553 2709 703 2762 mque
721 2695 890 2760 repetit
897 2694 1066 2743 vicaria
1077 2692 1122 2740 in
1132 2692 1263 2740 terris
1279 2689 1348 2740 Ec
1356 2688 1420 2739 ho
1431 2687 1553 2759 coeli.

501 2764 575 2814 Ut
585 2759 854 2830 utriunque
865 2759 964 2810 hoc
979 2775 1158 2810 munus
1168 2757 1264 2808 una
1274 2754 1486 2808 inditum
1501 2791 1523 2819 2
1616 2759 1621 2764 '

709 2829 808 2880 una
817 2829 1092 2880 executioni
1113 2830 1287 2877 datum
1300 2863 1320 2889 ,

595 2894 748 2965 &ipsa
760 2894 828 2948 sui
838 2899 1016 2948 unione
1029 2893 1187 2962 majus
1203 2888 1400 2945 extitisse
1411 2928 1429 2954 -,

475 2963 632 3034 quam
641 2983 750 3015 raro
761 3002 778 3027 ,
796 2979 845 3015 ta
852 2983 904 3015 m
917 2964 1042 3015 claro
1053 2962 1280 3030 exemplo
1289 2958 1562 3017 videamus

445 3031 593 3083 Certe
607 3043 729 3084 cum
739 3032 943 3100 parvulu
951 3050 1002 3083 m
1012 3027 1149 3083 sacro
1160 3033 1297 3081 unxit
1308 3024 1567 3079 chrismate

1838 3091 1972 3157 Apo-
