2075 3292
80 99 146 155 '52
885 17 1237 146 QXOXQ

766 166 942 222 Vie'cor
963 167 1332 235 perambulavit.

372 238 729 293 Celeberrimas
740 239 785 286 in
795 238 971 305 Regnis
984 235 1129 288 urbes
1140 273 1158 298 .,
1183 254 1305 287 cum
1316 233 1523 290 urbibus
1537 236 1705 309 Regna

251 307 520 380 Argonense
537 344 552 371 ,
567 303 757 375 Ja‘e'nse,
777 303 1067 354 Granatenst:
1079 340 1095 366 ,
1112 306 1314 366 <Beatiae7
1326 304 1579 368 Valentiae,
1592 309 1831 371 Murciae,-

122 397 246 434 cum
257 379 435 448 Regnis
456 378 641 445 Reges,
661 387 744 423 aut
758 376 802 422 in
822 370 1097 422 clientelam
1111 369 1312 439 suscepit
1326 407 1344 433 7
1368 373 1715 446 autvestigales
1724 374 1950 437 reddidit.

174 475 177 477 -
642 443 841 493 Amicos
863 439 1016 489 amice
1037 438 1228 507 agendo
1243 443 1373 490 auxit
1385 477 1404 501 ‚

457 512 679 561 inimicos
689 507 801 558 fecit
813 544 830 568 ,
850 522 903 558 ut
913 506 1172 558 definerent
1182 503 1272 558 esse
1282 543 1298 569 ,
1321 507 1401 559 etsi
1421 508 1612 562 nollent.

450 580 655 645 Qoties
675 593 800 627 cum
817 573 951 625 hoste
970 575 1183 634 bellavit,
1204 579 1342 626 toties
1362 574 1632 631 debellavit.

76 649 246 705 Multis
258 646 467 702 millibus
477 648 695 713 capitum
707 643 929 694 Maurici
941 640 1152 712 hydram
1168 659 1334 711 aperto
1344 678 1357 696 ,
1371 644 1423 695 &
1438 645 1793 697 occultoMarte
1804 647 1996 699 minuit.

450 715 486 765 F
488 714 832 782 requentervix
850 709 974 762 visus
992 708 1084 778 ipse
1104 747 1121 772 ,
1141 710 1412 776 jamvie‘tus
1431 712 1596 766 hostis,

307 781 529 838 Tantum
540 781 685 831 valuit
697 777 757 829 ad
769 796 902 829 arma
912 815 929 840 ,
954 781 1146 828 inermis
1156 815 1172 841 ‚
1187 779 1387 830 minime
1398 784 1578 831 enervis
1589 783 1754 848 pietas,

452 851 581 901 Hinc
593 846 750 898 secula
764 844 964 907 discant,
976 845 1277 897 indomitum
1289 848 1399 897 nihil
1409 844 1498 898 effe
1511 850 1609 899 Pio.

333 917 543 985 Traiano
557 914 773 984 Principe
787 915 958 965 melior
967 951 983 975 ,
1002 913 1226 983 Augusto
1237 913 1421 966 felicior
1431 912 1520 966 elle
1530 915 1714 969 debuit.

831 983 907 1032 Sic
925 999 1040 1032 veru
1051 981 1248 1035 milludt

281 1051 373 1105 sola
388 1052 537 1122 pietas
556 1048 774 1120 Regibus
792 1045 960 1100 sufficit
972 1047 1032 1099 ad
1046 1046 1268 1100 salutem:
1283 1048 1405 1100 adde
1417 1087 1433 1112 ,
1446 1049 1495 1100 &
1510 1050 1710 1103 vidtoria
1720 1068 1786 1102 m.

115 1123 220 1176 Sine
235 1121 324 1173 hac
335 1121 503 1172 nullius
515 1120 619 1170 sum
641 1119 881 1168 momenti
898 1117 1152 1168 Exercitus
1167 1154 1184 1179 .,
1205 1117 1556 1186 roburImperii
1571 1156 1587 1181 a
1617 1127 1670 1170 δε
1689 1129 1958 1186 apparatus.

80 1191 264 1260 Necjue
276 1189 421 1241 rebus
434 1188 555 1238 adeo
565 1185 780 1238 secundis
790 1222 806 1245 ,
818 1185 1001 1252 quibus
1010 1188 1189 1254 egregii
1208 1183 1405 1254 quando
1446 1205 1504 1237 ue
1518 1187 1686 1237 Duces
1701 1182 1995 1240 insolescunt,

255 1258 401 1311 elatus
412 1259 576 1307 animo
587 1291 604 1318 ‚
619 1256 754 1303 novit
765 1269 952 1320 parcere
964 1252 1191 1318 lnbjefflzis
1204 1289 1217 1307 ,
1244 1253 1294 1302 ὅ(
1306 1204 1543 1305 debgllare
1558 1254 1793 1322 {uper-bos
1805 1290 1823 1315 ,

608 1319 915 1373 Amorsimul
928 1357 944 1381 ,
966 1319 1016 1370 δε
1027 1320 1206 1372 Terror
1216 1318 1468 1372 Hostium.

200 1394 359 1462 Reges
370 1392 547 1460 Regnis
560 1393 755 1457 eripuit,
776 1406 874 1438 non
889 1388 1058 1456 Regna
1068 1386 1287 1456 Regibus
1299 1425 1316 1453 7
1332 1406 1414 1439 eos
1427 1391 1469 1438 in
1481 1388 1563 1438 alia
1573 1385 1876 1439 transferens:

273 1464 389 1529 quia
400 1455 535 1529 aeque
549 1455 819 1526 pulchrum
833 1454 1086 1520 judicavit,
1105 1456 1153 1506 ὅ(
1167 1459 1351 1507 vincere
1364 1457 1520 1524 Reges
1531 1493 1547 1518 2
1562 1457 1611 1507 &
1623 1455 1793 1507 facere.

153 1528 543 1593 Magnanimitati
562 1531 856 1575 SAPIENTIAM
877 1523 1094 1585 sociavit,
1108 1523 1317 1592 utraque
1338 1523 1556 1575 hostibus
1566 1520 1920 1575 formidandus.

246 1593 263 1599 “
446 1595 498 1646 N
507 1612 590 1644 am
598 1592 760 1643 fortitu
768 1590 833 1641 do
845 1628 862 1654 ,
875 1607 985 1662 quae
996 1590 1207 1658 insipiens
1219 1628 1235 1653 ,
1254 1590 1323 1641 est
1340 1590 1596 1646 imbecilla.

524 1662 740 1712 Tantam
755 1664 1054 1717 SAPIENTIAM
1072 1676 1169 1709 non
1182 1662 1335 1727 potuit
1346 1659 1487 1712 latere
1501 1696 1517 1721 ,

206 1728 400 1782 nullum
412 1728 569 1797 majus
583 1729 700 1781 boni
715 1732 726 1777 i
734 1730 901 1796 inperii
920 1726 1302 1777 instrumentum
1319 1723 1406 1777 esst
1420 1726 1554 1795 bono
1569 1725 1867 1778 ConliliariO.

538 1797 683 1848 Circa
701 1796 745 1846 se
757 1813 875 1865 ergo
888 1794 1100 1847 habebat
1111 1792 1498 1878 prudentiffimos
1509 1832 1528 1858 ,

536 1880 664 1933 quos
677 1901 690 1921 ‚
708 1878 764 1913 ut
775 1862 976 1913 consiliis
990 1862 1160 1913 melius
1175 1859 1502 1913 consuleretur
1512 1900 1530 1925 7

419 1931 593 1984 maluit
606 1928 851 1981 consulere
865 1932 1290 1981 PRUDENTlssiMus
1307 1929 1399 1997 ipse
1415 1931 1656 1997 Princeps.

391 2001 433 2053 A
452 1998 620 2052 [3ηᾶὶο
640 1998 817 2049 Isidoro
835 1996 1116 2066 Hispalensis
1135 1997 1253 2047 olim
1270 1996 1483 2050 Ecclefiae
1496 1998 1689 2050 Pastore

637 2065 697 2117 de
712 2065 977 2120 obsidenda
988 2062 1162 2132 Hispali
1175 2067 1393 2115 monitus
1404 2100 1421 2126 3

213 2139 381 2209 ‚paruit
402 2134 632 2205 sapienter
645 2133 807 2185 Coeliti
820 2171 837 2196 ‚
856 2148 912 2184 ut
933 2136 972 2182 ei
988 2132 1196 2183 Coelum
1211 2136 1256 2181 in
1276 2135 1445 2200 coeptis
1465 2129 1844 2198 obsecundaret,

545 2204 595 2253 ὅ(
606 2219 696 2271 pro
719 2200 861 2252 Astris
873 2201 1060 2253 bellanti
1082 2198 1255 2251 Castra
1273 2199 1544 2253 bearentur.

334 2269 602 2325 Obsidione
614 2269 744 2320 arst'a
762 2272 928 2320 omnia
941 2267 1274 2324 asstabantur,
1291 2282 1459 2334 praeter
1469 2284 1710 2318 annonam
1722 2303 1741 2330 ,

264 2339 408 2408 cujus
428 2342 567 2408 copia
578 2337 828 2406 copiosam
838 2338 1021 2386 Mauris
1032 2335 1278 2386 insultandi
1291 2338 1545 2386 materiam
1558 2335 1782 2403 praebuit.

76 2412 204 2465 Pons
220 2408 409 2464 Trianae
427 2407 586 2461 ferreis
604 2404 810 2457 nexibus
830 2403 1035 2454 firmiter
1059 2420 1311 2455 connexus
1330 2407 1464 2455 viam
1482 2403 1642 2456 stravit
1658 2401 1996 2465 commeatui3

592 2471 882 2544 praegrandis
899 2486 1060 2523 catena
1080 2488 1163 2540 per
1179 2473 1352 2523 Baetim
1363 2470 1492 2524 tensa

519 2543 658 2612 spem
670 2541 820 2611 prope
829 2539 1151 2608 intercipiendi
1161 2539 1320 2592 viffiffis
1331 2542 1589 2609 intercepit.

289 2613 506 2666 Remora
526 2615 628 2663 haec
639 2611 727 2661 fuit
744 2613 890 2660 unica
909 2609 1205 2677 Triumphi,
1223 2607 1303 2660 sed
1317 2626 1440 2660 mox
1450 2603 1771 2660 removenda.

507 2681 720 2749 Navigia
731 2675 834 2729 duo
845 2695 900 2728 ru
908 2675 1128 2746 mpendis
1141 2678 1340 2729 vinculis
1352 2675 1581 2728 destinata

526 2748 589 2799 nil
602 2747 684 2798 nili
704 2761 912 2799 ventum
934 2742 1252 2814 adspirantem
1268 2744 1545 2815 aspirabant.
1875 2806 1877 2808 ¹

232 2819 368 2889 Ergo
381 2813 980 2883 inventosimpenditvota
992 2851 1009 2878 ,
1033 2811 1314 2883 fretumque
1333 2815 1440 2865 Rex
1460 2811 1651 2865 [audieus
1662 2812 1825 2867 triduo
1835 2815 1857 2880 ,'

400 2885 568 2937 nullius
578 2885 876 2954 praesentiam
888 2880 1040 2950 pastus
1051 2885 1094 2932 in
1105 2896 1210 2933 tam
1221 2884 1400 2935 secreto
1415 2880 1658 2952 colloquio
1667 2918 1686 2944 ,

713 2948 854 3020 quod
873 2949 1152 3002 cumCoelo
1163 2953 1336 3003 inierat.

303 3020 487 3076 Novus
503 3021 683 3091 Scipio,
703 3022 817 3071 alter
829 3018 1031 3072 Annibal
1041 3018 1201 3092 magis
1212 3017 1467 3073 divinitatis
1476 3016 1740 3073 reverentia*
1750 3053 1772 3084 ‚

699 3087 1060 3160 quamvi7bella
1069 3105 1233 3158 gerere
1244 3088 1415 3141 voluit.
1841 3106 1843 3109 ·
1926 3149 1970 3202 Ε
2068 3139 2069 3145 ,

1970 3162 1997 3200 ὓ
