2075 3292
129 47 190 85 12
918 30 1281 101 ³ffl><oxffi
1362 98 1365 100 ,

762 121 981 174 Martem
994 126 1158 175 virtuti
1169 123 1367 174 sociavit
1375 157 1397 185 ‚

504 207 613 241 raro
623 187 863 242 consortio
874 192 1010 260 pugil
1022 187 1302 242 fortiffimus
1315 189 1365 240 ὃ(
1376 189 1713 259 pientissimust

337 273 395 311 ut
405 258 689 328 religionem
701 255 918 310 firmaret
935 258 1066 327 apud
1078 257 1189 310 suos
1200 295 1217 321 ,
1233 259 1485 310 induceret
1495 260 1626 329 apud
1637 262 1827 317 alienos.

195 326 347 396 Igitur
357 328 408 379 &
419 327 578 379 Marte
588 362 607 389 a
623 325 675 377 &
686 329 862 377 virtute
873 363 890 389 ,
911 341 1156 397 tanquam
1172 324 1332 377 fortiffi
1339 345 1426 377 mo
1444 327 1708 382 instructus
1724 329 1967 400 praefidi03

596 396 710 464 quia
721 397 922 464 gemino
935 432 952 458 ,
981 398 1101 445 mari
1109 394 1361 445 fortunam
1371 399 1518 464 quaeri
1523 411 1539 447 t
1551 414 1568 452 z
1878 393 1899 401 ⁵

326 464 439 514 utin
450 460 688 514 elemento
703 463 777 513 vel
791 465 922 512 maxi
928 463 1008 512 me]
1026 462 1224 515 instabili
1242 480 1355 513 eam
1364 462 1587 530 primum
1598 463 1830 519 stabiliret.

612 528 823 582 Caecam
833 529 957 582 hanc
966 528 1145 581 finxere
1156 531 1321 582 Deam
1338 545 1548 583 veteres:

441 595 567 649 dum
575 594 745 665 saepius
758 599 1013 650 immeritis
1024 599 1286 668 benignam
1298 602 1520 667 propinat
1528 599 1710 653 faciem
1718 621 1737 667 3

599 664 652 716 &
665 664 788 716 bene
800 670 1001 717 meritos
1009 681 1159 717 torvo
1170 664 1345 734 respuit
1365 666 1559 719 obtutu.

660 731 744 782 Est
752 747 917 784 tamen
927 739 1076 785 etiam
1085 734 1322 785 oculatior
1333 737 1397 787 Ar
1435 752 1494 785 o:

441 798 640 868 quando
651 803 838 852 virtutis
847 801 915 853 illa
928 820 1100 853 comes
1113 838 1130 865 ,
1152 802 1204 853 ὃ(
1213 805 1364 854 virtus
1375 804 1402 853 il
1419 801 1492 852 ifo
1499 820 1600 853 mes
1615 800 1698 855 est.

375 865 441 916 Ita
451 866 666 939 namq'ue
676 884 831 939 quam
848 873 1061 938 concipit
1070 871 1333 921 flammam
1344 907 1361 934 ,
1379 872 1511 922 acuit
1522 873 1567 921 in
1584 869 1782 932 lumen3

697 935 838 1006 quod
851 936 1142 989 candelabro
1153 941 1448 1006 imponatur.

622 1003 712 1054 His
722 1006 868 1072 igitur
875 1003 1064 1058 facibus
1075 1003 1320 1056 excutiens
1331 1006 1535 1058 latebras

435 1071 628 1135 piratica
646 1070 1026 1140 Myoparonum
1047 1071 1260 1124 monstra
1280 1073 1475 1126 feliciter
1492 1071 1717 1125 edomuit

508 1154 669 1188 novus
682 1141 851 1191 Daniae
865 1141 1099 1193 Hercules
1112 1179 1127 1198 ‚
1153 1142 1392 1210 Neptuno
1402 1140 1650 1194 arridente.

160 1199 265 1269 Qi
284 1199 335 1252 &
346 1209 562 1254 tutamin
577 1224 765 1257 oceano
783 1209 1041 1259 malaciam
1058 1246 1076 1270 7
1094 1209 1194 1277 qufi
1204 1207 1349 1260 firma
1363 1209 1505 1261 staret
1517 1208 1728 1259 vrekoria
1739 1245 1757 1270 ,
1777 1205 1978 1261 indulfit.

343 1271 414 1322 Ut
426 1271 501 1322 vel
513 1272 626 1323 hinc
636 1272 733 1324 fixa
747 1290 963 1326 maneret
974 1273 1222 1327 sententia:
1247 1276 1431 1328 cuncS’ta
1444 1280 1608 1327 virtuti
1618 1275 1785 1327 cedere
1796 1311 1817 1339 ,
1836 1319 1841 1338 ἃ

484 1356 574 1390 nec
585 1340 734 1393 ullam
749 1342 808 1393 illi
817 1346 1003 1394 inviam
1013 1380 1030 1405 ,
1052 1343 1101 1393 ὃ(
1113 1357 1246 1393 extra
1257 1347 1358 1394 vias
1369 1381 1386 1408 2
1402 1340 1491 1395 eHe
1503 1346 1650 1397 viam.

288 1476 291 1478 μ
765 1410 853 1462 His
869 1414 1108 1462 animatus
1118 1414 1164 1461 in
1176 1410 1359 1481 liquido
1371 1448 1389 1474 .,

235 1473 281 1524 in
291 1469 502 1524 solidum
516 1474 542 1524 ὲ
556 1480 678 1527 mari
692 1494 936 1546 campum
946 1477 1153 1529 laureata
1164 1479 1380 1530 transfert
1391 1497 1526 1529 arma
1538 1479 1642 1528 Rex
1657 1473 1910 1547 gloriosus·

335 1539 429 1593 Sed
442 1541 491 1593 ὅ(
501 1545 548 1593 in
562 1543 633 1594 his
644 1560 698 1595 ut
708 1545 912 1597 fertilem
923 1584 941 1610 a
954 1545 1016 1596 sic
1034 1546 1339 1597 tributariam
1349 1547 1521 1598 habuit
1530 1546 1817 1597 Fortunam.

569 1612 712 1670 Nam
724 1613 843 1664 illico
854 1611 1031 1665 cecidit
1049 1611 1107 1663 ad
1120 1629 1301 1665 votum
1312 1613 1416 1667 belli
1428 1614 1554 1666 alea:

421 1689 592 1743 utpote
605 1679 741 1732 Caelo
754 1680 1011 1733 adfavente
1029 1680 1155 1747 jacta
1165 1719 1182 1745 ,
1205 1683 1255 1733 &
1267 1682 1294 1733 ἐὶ
1305 1685 1484 1733 Virtute
1497 1679 1695 1732 directa.

414 1742 684 1800 Sembones
700 1786 717 1812 7
739 1768 797 1800 ac
814 1749 1013 1801 Estones
1025 1751 1234 1801 Orientis
1252 1751 1461 1820 populos
1480 1746 1726 1820 aggressus

647 1817 873 1886 prospero
884 1821 930 1869 in
945 1818 1124 1887 fugam
1135 1822 1274 1870 vertit
1293 1817 1466 1887 praeli0.

496 1882 656 1935 Armis
668 1902 847 1954 nempe
857 1902 947 1954 pro
968 1887 1080 1937 Deo
1092 1884 1375 1955 populoque
1389 1884 1594 1954 sumptis
1606 1899 1622 1932 ε

151 1950 313 2022 eoque
323 1950 607 2005 clarioribus
624 1991 640 2017 ,
661 1952 800 2022 quod
811 1954 862 2003 &
875 1954 1207 2007 barbarorum
1218 1956 1405 2005 animos
1414 1953 1626 2023 religioni
1638 1949 1975 2006 subdiderunt.

244 2020 320 2075 Ab
332 2021 531 2073 Oriente
546 2023 690 2090 igitur
699 2022 858 2073 heroae
868 2025 1055 2074 virtutis
1066 2021 1371 2089 splendorem
1381 2023 1536 2073 retulit
1547 2018 1867 2088 ampliorem:

336 2089 463 2142 dum
474 2105 548 2142 tot
557 2090 769 2141 Victoriis
779 2089 946 2140 clarior
963 2091 1125 2141 Patriae
1137 2089 1274 2140 Velut
1293 2089 1586 2141 meridianus
1603 2088 1768 2138 illuxit.

654 2160 753 2211 Vix
764 2173 929 2209 tamen
939 2156 1027 2210 fibi
1038 2154 1329 2227 vespertinus
1343 2157 1458 2205 fuit:

316 2225 517 2295 quando
525 2225 739 2295 fulgores
748 2241 904 2277 tantos
914 2224 1201 2293 crepusculo
1216 2239 1463 2274 Mom-:srlffi
1473 2221 1671 2273 involuit
1680 2220 1799 2296 suss:

221 2308 322 2342 non
340 2292 425 2346 sibi
435 2332 447 2352 ,
464 2313 560 2344 non
572 2298 620 2347 vi
625 2293 840 2345 rtutisuae
850 2330 868 2355 ,
887 2310 986 2343 non
998 2291 1204 2341 fortunae
1215 2326 1233 2352 ,
1254 2289 1335 2341 sed
1346 2293 1658 2343 exercituum
1672 2289 1904 2341 Domino

625 2364 766 2416 suain
788 2362 1001 2428 acceptis
1012 2356 1214 2409 referens
1224 2359 1452 2427 trophaea.

648 2430 771 2496 Qo
782 2426 990 2498 quidem
1002 2425 1051 2476 id
1061 2425 1349 2478 consecutus
1361 2426 1430 2478 est
1439 2466 1455 2487 ,

371 2513 428 2550 ut
440 2517 651 2569 magnus
664 2495 791 2565 prius
802 2497 1007 2548 aliorum
1019 2493 1180 2547 victor
1198 2529 1211 2548 .
1233 2512 1368 2546 nunc
1378 2494 1448 2547 sui
1461 2495 1620 2562 major
1627 2495 1756 2552 esset.

508 2568 571 2618 lta
582 2607 596 2624 ,
620 2564 722 2637 quo
731 2564 900 2616 clarior
909 2562 970 2616 ab
986 2564 1185 2615 Oriente
1196 2560 1333 2614 rediit
1341 2563 1578 2616 fortitudo
1587 2601 1606 2627 ‚

424 2632 525 2686 hoc
535 2635 620 2688 fibi
631 2631 725 2687 visa
739 2632 988 2686 obscurior
996 2634 1042 2683 in
1051 2630 1320 2683 Occidente
1329 2631 1399 2683 est
1414 2648 1672 2685 MODEsrm.

398 2701 470 2752 Ut
480 2703 638 2755 lauros
647 2702 761 2755 foris
770 2716 899 2754 natas
917 2719 1036 2754 cum
1045 2700 1253 2769 Daphne
1272 2699 1529 2754 Phoebum
1538 2699 1754 2772 fugiente

693 2773 1018 2821 nutriretinter
1026 2769 1232 2821 umbras
1242 2767 1400 2823 domi.

99 2840 322 2897 Umbras
333 2857 500 2894 tamen
512 2842 642 2891 auxit
653 2839 737 2890 has
746 2838 867 2889 ultra
879 2837 1094 2889 modum
1102 2836 1478 2889 obitusParentis
1489 2835 1549 2887 ad
1558 2835 1765 2890 umbras
1775 2834 2012 2891 abeuntis:

356 2908 408 2962 ὃ(
419 2908 527 2962 inde
536 2911 656 2959 inter
666 2905 828 2959 luetfis
845 2905 1063 2959 tenebras
1072 2920 1220 2957 enatae
1232 2904 1502 2958 haeredibus
1513 2904 1709 2958 umbrae
1722 2941 1740 2969 ‚

761 2993 817 3025 an
831 2974 1062 3034 &larvae1‚
1073 2973 1354 3026 simultatis?

516 3041 904 3098 NamHeraldus
922 3080 941 3108 2
960 3043 1012 3096 &
1031 3042 1185 3096 Olaus
1196 3039 1375 3094 desides
1393 3043 1566 3094 animae
1879 3082 2013 3160 dum
