2075 3292
1331 142 1492 163 .<„.

343 371 975 494 Encomium
1008 360 1664 493 exegeticum

669 517 918 622 Regi-ae
944 508 1382 588 clementiae.

510 667 594 717 On
607 664 748 713 minae
759 696 776 722 ,
790 671 880 707 nec
889 655 961 705 vis
971 647 1241 702 truculenta
1252 685 1268 711 ³
1279 664 1368 699 nec
1384 662 1543 717 quam

511 727 717 784 Obfidet
727 725 877 778 saevus
889 725 1021 789 rigor
1030 757 1042 775 ‚
1077 715 1129 767 ὅ(
1138 715 1354 768 ferarum

511 803 631 853 Dira
640 810 898 866 poenarum
912 789 1046 841 series
1063 787 1273 854 tyrannis
1283 823 1296 843 ,

876 859 1046 925 Regna
1055 867 1265 903 tuentur.

375 937 607 992 Peffimus
622 947 764 985 certae
773 926 886 979 fidei
899 919 1128 990 magister

379 1005 462 1060 Est
471 1009 643 1056 timor:
665 1013 850 1051 mentes
863 1011 951 1045 nec
961 992 1109 1041 ahena
1119 990 1319 1039 vincunt

376 1071 596 1127 Claustra
611 1107 629 1133 ,
644 1087 732 1119 nec
742 1067 950 1135 longum
965 1057 1127 1128 populi
1137 1053 1363 1106 favorem

860 1127 1074 1184 Vincula
1083 1121 1283 1184 servant.

377 1206 611 1277 Qjsquis
625 1199 829 1273 augusta
839 1195 1066 1249 diadema
1077 1191 1234 1243 fronte

378 1275 577 1336 Gestat,
597 1273 649 1322 ὃ(
665 1284 830 1340 gentes
842 1262 1123 1318 moderatur
1133 1274 1272 1327 aequa

375 1347 505 1412 Lege
523 1339 763 1405 subjecitas
773 1373 790 1399 ,
807 1327 1116 1395 dominisque
1128 1321 1384 1375 mundum.

867 1399 1050 1450 Fraenat
1062 1392 1258 1445 habenis
1269 1408 1285 1446 ‚·

378 1478 461 1533 Ne
471 1476 583 1529 velit
594 1473 748 1541 vulgo
764 1463 925 1539 potins
936 1463 1126 1521 timeri,

377 1550 475 1599 Aut
487 1559 684 1597 metum
694 1539 829 1607 regni
837 1526 1041 1584 statuisse
1049 1526 1293 1579 fulcrum:

375 1611 553 1669 Tutffis
565 1611 660 1662 lato
670 1606 953 1657 dominatur
962 1597 1084 1649 orbe
1097 1632 1115 1657 ,

868 1664 1100 1734 Qisquis
1111 1673 1317 1713 amatur.

377 1749 548 1804 Aureis
562 1756 745 1796 mentes
757 1733 927 1791 melifis
948 1733 1128 1784 catenis

380 1814 640 1871 Vinculant
649 1811 806 1878 Reges
822 1819 836 1858 ε
878 1803 929 1855 ὅ(
949 1816 1117 1853 amore
1129 1808 1270 1863 capta

381 1882 574 1937 Certifis
584 1880 766 1952 quovis
778 1871 1032 1924 adamante
1042 1864 1230 1918 servant

873 1935 1043 1990 Corda
1055 1933 1278 1986 suorum.

382 2019 592 2073 Blandus
604 2013 654 2065 ὅ(
664 2025 888 2063 CLEMENs
902 2043 919 2069 ,
935 2000 1208 2073 placidique
1220 1997 1445 2060 Princeps

382 2086 598 2139 Ped'wris
611 2126 628 2149 ‚
646 2097 803 2151 quem
812 2092 912 2127 non
922 2074 1059 2123 furor
1076 2068 1319 2137 inquietus
1329 2098 1344 2120 ,

382 2156 497 2208 Nec
509 2150 745 2203 cruentati
757 2155 969 2198 recreant
979 2132 1251 2189 nocentfim

865 2209 1108 2276 Sanguine
1122 2199 1302 2258 fasces5

385 2290 491 2355 Qi
501 2279 677 2354 procul
687 2275 839 2330 caedes
858 2311 876 2337 ,
896 2275 977 2325 Ne
985 2266 1260 2338 mefimcjue
1270 2277 1423 2331 regno

385 2359 534 2410 Arcet
544 2389 561 2414 ,
583 2350 636 2402 &
645 2347 878 2419 quamvis
888 2343 1021 2409 rigor
1031 2351 1204 2404 aequus
1217 2336 1307 2384 iras

385 2419 598 2478 Suadeat
608 2456 623 2476 ,
644 2411 832 2469 mavult
841 2412 1013 2480 pietate
1025 2442 1042 2468 ,
1065 2398 1226 2454 laesam

879 2478 1004 2530 Vim
1015 2487 1228 2540 reparare
1240 2483 1256 2522 t

387 2559 486 2613 Hic
499 2556 619 2625 regit
626 2551 756 2612 felix,
763 2543 965 2611 {oliiciue
977 2555 1140 2594 certus

387 2628 528 2677 Vivit
542 2636 563 2685 3
583 2622 716 2673 hunc
727 2617 854 2669 ultro
863 2608 1051 2681 cupidae
1070 2617 1322 2677 regentem
1358 2603 1362 2605 ’

396 2695 644 2762 Expetunt
663 2700 828 2759 gentes
844 2719 862 2747 ‚
882 2681 935 2732 δί
957 2691 1119 2731 amata
1135 2686 1321 2726 certant

877 2750 1076 2817 Sceptra
1089 2742 1263 2796 subire.

394 2832 473 2884 Sic
481 2826 570 2879 ubi
579 2822 866 2877 saevas-mare
875 2819 1012 2887 ponit
1021 2818 1130 2872 iras3

394 2901 459 2951 Et
467 2895 634 2949 Thetis
646 2889 811 2943 molles
821 2889 1007 2942 imitata
1017 2883 1217 2934 somnos

386 2966 620 3021 Conticet
630 2959 716 3014 late
725 2997 743 3026 ‚
756 2951 1032 3024 bibulisque
1051 2944 1142 3000 sese

853 3023 1024 3078 Sternit
1036 3018 1204 3077 arenis3

1897 3070 2000 3125 De-
