2075 3292
793 73 1146 154 ἓᾷΞῑΧοΧὲἰᾲέ
1878 98 1942 167 6³

509 185 747 242 tanquam
765 174 1051 240 perniciosas
1068 175 1223 244 Regni
1237 171 1443 230 scissuras
1458 181 1479 241 ,'

410 241 568 315 quam
577 240 780 304 salubri,
797 253 902 291 tam
910 240 1079 294 saneto
1091 242 1403 297 abominatus
1412 247 1529 300 odio
1539 282 1558 312 ᾗ

364 311 453 365 ubi
464 312 781 362 exterminare
788 312 948 377 potuit
958 346 976 372 ⁷
987 328 1197 361 omnem
1208 311 1249 362 la
1287 312 1420 364 idem
1437 320 1611 371 movit.

398 378 648 431 Libertatis
670 374 994 428 Ecclesiasticae
1005 377 1200 430 Vindex
1217 398 1242 430 e
1285 379 1376 430 fuit
1387 386 1574 445 acrior5
1681 446 1685 447 ⁷

173 448 276 521 quo
286 445 725 516 eandempluribus
733 444 1005 498 obnoxiam
1021 443 1432 500 scivitincurfi'bus
1441 451 1787 522 Harpyiarum.

121 520 309 574 Idcirco
327 511 572 567 effraenem
585 513 804 565 militum
812 512 1362 567 licentiamseverilfimis
1378 518 1602 571 cohibuit
1612 521 1836 576 decretis:

131 607 190 642 ne
202 589 332 639 bona
343 584 430 637 sub
443 580 765 652 iurisdietione
777 581 1011 633 Numinis
1023 581 1283 634 constituta
1294 601 1519 654 unquam
1529 589 1822 646 invaderent.

206 653 485 708 Sacerdotes
497 649 734 715 majorine
745 666 913 699 amore
923 685 940 712 ,
953 667 1010 700 an
1022 651 1282 720 reverentia
1291 651 1433 703 fuerit
1445 653 1730 723 prosecutus
1746 696 1764 723 ‚

233 721 489 793 problema
503 717 634 769 haud
652 716 772 768 facili
790 716 956 769 labore
967 715 1296 770 decidendum
1309 720 1508 788 posteris
1519 724 1728 796 reliquit.

531 787 723 838 Eorum
735 783 924 835 consilia
933 788 1117 853 excepit
1131 801 1187 837 ut
1201 788 1390 838 oracula
1401 808 1417 854 3

395 855 617 909 sententi‘a
628 850 936 924 quamsolida
947 889 964 915 ,
989 867 1094 903 tam
1105 851 1249 905 firm‘a
1267 854 1511 923 persuasus
1523 895 1540 922 ,

57 944 266 981 omnem
274 926 495 978 felicitatis
506 937 745 975 eventum
756 919 817 972 ab
829 935 1005 971 eorum
1014 920 1237 973 sententia
1248 959 1266 984 .,
1289 923 1339 974 &
1350 931 1609 977 reverentia
1619 926 1904 997 dependere.

262 991 533 1050 Animusilli
549 994 594 1040 in
612 986 907 1059 quacunque
925 987 1167 1040 bellorum
1185 992 1470 1059 tempestate
1489 992 1677 1048 serenus
1694 1034 1710 1061 ,

368 1065 416 1112 in
434 1061 713 1111 decumana
724 1058 879 1125 Regni
891 1057 1250 1125 perturbatione
1262 1060 1568 1129 compofitus
1579 1098 1596 1128 ,

507 1129 553 1177 in
564 1125 710 1178 rebus
723 1126 973 1192 desperatis
982 1125 1083 1175 solo
1095 1126 1211 1176 DEo
1230 1129 1387 1183 nixus,

437 1197 528 1247 Par
538 1193 623 1246 sibi
637 1198 684 1244 in
694 1193 901 1262 utraque
912 1191 1106 1244 fortuna
1117 1231 1134 1256 ,
1155 1195 1206 1244 &
1216 1193 1483 1249 simillimus
1493 1217 1507 1246 .-

653 1263 771 1331 quia
779 1256 1025 1328 utriusque
1042 1262 1301 1313 Dominus.

360 1331 587 1399 Prospera
595 1347 672 1391 m,
693 1328 820 1379 dum
829 1326 873 1378 se
892 1328 1144 1380 infinuaret
1154 1367 1170 1392 ,
1191 1331 1297 1381 tulit
1309 1331 1588 1398 moderate5

383 1398 549 1449 dextre
559 1415 679 1448 cum
693 1394 870 1446 sinistra
888 1394 1117 1447 dimicare
1130 1396 1317 1467 semper
1328 1396 1534 1452 assuetus
1547 1415 1562 1459 3

440 1465 656 1517 adillatas
665 1462 803 1532 fibiin
808 1462 948 1530 jurias
956 1464 1087 1527 quafi
1098 1462 1232 1516 iensu
1247 1465 1499 1519 destitutus
1511 1505 1530 1533 ,

554 1555 563 1566 «⁴
623 1531 727 1584 laedi
744 1530 906 1583 solum
916 1529 1043 1584 visus
1053 1531 1123 1584 est
1134 1534 1305 1587 alienis,

478 1599 575 1656 Illas
587 1597 746 1652 clauso
757 1597 888 1651 velut
899 1597 1044 1652 oculo
1057 1602 1298 1671 negligere
1308 1602 1466 1670 potuit
1476 1623 1492 1665 ς

559 1668 646 1720 has
656 1665 762 1720 raro
774 1664 833 1719 acl
840 1666 996 1719 modu
1005 1684 1058 1720 m
1070 1667 1394 1723 diffimulavit.

755 1734 805 1787 ln
824 1732 995 1788 defleta
1005 1733 1197 1789 severus
1207 1770 1225 1800 s

714 1806 762 1855 in
773 1802 1100 1874 delinquentes
1113 1809 1241 1858 mitis
1253 1838 1271 1869 5

535 1873 598 1922 ita
608 1870 1097 1936 justitiamclementi'a
1117 1875 1430 1941 temperavit:

295 1954 353 1996 ut
361 1942 515 1992 neutri
529 1937 641 1989 effet
651 1938 846 2003 injurius
855 1976 872 2000 ,
889 1943 1042 1990 neutri
1051 1941 1338 2009 quidquam
1355 1940 1638 1997 detraheret.

388 2009 440 2061 N
445 2026 469 2058 e
476 2009 574 2079 q‘ue
586 2009 719 2057 enim
727 2007 949 2058 recusant
966 2011 1144 2058 marito
1154 2005 1323 2059 sociari
1333 2009 1526 2060 vinculo
1537 2046 1557 2074 ,

459 2089 649 2146 quantu
656 2072 973 2125 mvis'interse
985 2070 1217 2126 dissentire
1237 2074 1491 2128 videantur
1504 2113 1524 2140 ,

685 2144 842 2213 rigor,
863 2141 914 2192 &
927 2140 1278 2195 mansuetudo:

449 2208 484 2259 fi
497 2211 575 2277 pio
586 2211 632 2258 in
648 2210 1112 2277 Principeinveniant
1124 2207 1290 2261 sedem
1303 2209 1550 2264 domicilii.

347 2276 635 2346 Priusquam
646 2273 725 2327 soli
730 2293 820 2326 uin
831 2275 1173 2328 conscenderet
1187 2282 1329 2346 regiae
1342 2278 1581 2346 dignitatis
1593 2292 1613 2341 3

125 2346 224 2416 jam
236 2343 553 2399 subditorum
566 2347 753 2395 animos
763 2343 889 2395 dulci
909 2344 1128 2414 quadam
1140 2344 1473 2398 benevolentia
1483 2360 1826 2416 occupaverat.

54 2417 187 2474 Hinc
207 2418 359 2469 amari
369 2429 588 2484 pronum
597 2427 696 2462 erat
706 2412 767 2464 ab
778 2412 1014 2465 omnibus
1025 2450 1042 2475 ,
1062 2416 1148 2483 qui
1166 2429 1341 2464 omnes
1360 2426 1654 2482 praevenerat
1674 2416 1908 2473 amando·

278 2482 346 2536 Ita
355 2479 471 2534 vero
480 2484 627 2532 etiam
641 2516 658 2543 ,
677 2496 835 2550 quem
844 2482 1015 2532 timere
1033 2498 1183 2532 nemo
1193 2478 1388 2533 bonoru
1396 2501 1447 2533 m
1459 2498 1648 2551 poterat
1660 2520 1678 2547 ,

328 2551 385 2603 illi
397 2567 547 2602 nemo
557 2566 657 2600 non
675 2547 883 2600 timebat
898 2546 1078 2600 solicito
1092 2547 1281 2616 semper
1299 2567 1469 2601 amore
1486 2551 1616 2620 vigil.

386 2619 448 2669 Et
457 2620 571 2685 quia
581 2616 742 2668 smum
752 2633 865 2685 erga
874 2633 1047 2669 omnes
1058 2616 1272 2670 habebat
1289 2631 1547 2686 apertumg,

329 2704 427 2740 non
438 2685 507 2738 est
516 2680 673 2754 passus
682 2684 796 2737 beni
833 2702 950 2737 nam
964 2685 1044 2736 ulli
1057 2683 1280 2737 dextram
1294 2683 1382 2736 effe
1398 2685 1627 2740 clausam.

251 2754 607 2811 Liberalitatem
617 2752 779 2823 itaque
787 2702 875 2805 ἕω
885 2752 1268 2823 praefecitaerario
1289 2753 1674 2823 dispensatricem
1686 2797 1704 2826 ,

308 2823 314 2825 ’
374 2821 532 2894 quam
549 2836 867 2890 promptam,
886 2838 994 2874 tam
1003 2820 1206 2893 quoque
1223 2839 1564 2876 MAGNIFICAM:

167 2909 278 2966 quae
285 2889 525 2946 beneficia
535 2906 635 2941 non
650 2888 753 2958 spar
790 2908 866 2941 ere
879 2928 896 2954 ,
913 2889 994 2942 sed
1006 2889 1145 2960 pleno
1163 2890 1265 2942 sinu
1276 2888 1523 2943 effundere
1534 2893 1805 2951 videbatur.

295 2961 490 3014 Patrem
498 2956 741 3029 siquidem
775 2978 801 3010 e
812 2959 1038 3013 exhibere
1050 2956 1219 3011 maluit
1229 2996 1247 3022 ,
1272 2958 1428 3028 quam
1443 2960 1663 3032 Regem:

443 3044 503 3080 ne
513 3025 754 3098 quispiam
764 3031 811 3078 in
819 3026 992 3098 Regno
1007 3027 1192 3079 audiret
1209 3027 1456 3096 orphanus
1468 3065 1486 3094 ‚

628 3109 710 3149 aut
720 3093 766 3152 se
783 3094 1339 3169 destrtumquereretur.
