2055 3292
71 59 158 99 102
869 10 873 12 ’
902 30 1266 101 §effloreat

605 118 909 200 Deoqueipfi
927 125 1253 193 propinquant
1262 123 1444 202 Reges}

549 190 603 244 ὃ(
613 191 689 244 vel
705 189 919 242 maxime
930 189 1089 241 studio
1101 190 1454 258 benefaciendi,·

515 258 697 330 suaque
755 256 939 309 Iuribus
951 255 1080 310 bona
1101 261 1520 316 communicandi.

67 341 205 399 Nihil
222 338 439 406 namque
453 365 473 396 υ,
496 326 709 381 facundii
733 325 839 412 imp
861 324 1163 402 Graecorum
1183 327 1299 378 teste
1315 366 1333 392 ³
1356 331 1419 381 ita
1440 331 1554 382 Deo
1572 330 1728 385 reddit
1747 331 1950 386 similem
1961 372 1976 390 ,

639 460 640 463 Ἴ
726 392 1282 463 quambenignefacere.

358 468 514 540 Regio
522 463 765 518 exciderat
782 459 1041 531 quondam
1047 461 1208 528 junior
1222 463 1484 535 Dionysius
1504 469 1667 520 animo
1679 504 1696 532 ,

735 532 942 581 Parentis
953 527 1252 581 testimonio:

442 602 570 654 dum
580 614 804 669 argentea
815 596 900 649 sibi
911 595 1016 647 data
1026 600 1071 647 ni
1078 601 1167 649 mis
1179 601 1254 649 avi
1259 598 1317 649 de
1328 596 1531 652 servavit
1543 601 1669 656 vasa.

318 676 392 729 An
405 689 503 723 non
515 684 624 721 aute
632 686 684 718 m
694 666 767 716 vel
782 664 890 716 ideo
903 666 1240 735 claruitRegio
1251 668 1523 720 OswAmus
1541 674 1706 721 animo
1719 707 1737 733 ,

325 739 461 813 quod
473 756 592 790 cum
605 737 763 803 Regiis
782 733 986 802 dapibus
998 770 1015 795 a
1034 749 1323 802 argenteum
1338 735 1539 804 quoque
1551 736 1746 790 discum

546 802 721 857 liberali
738 819 890 853 manu
908 804 951 851 in
972 800 1119 852 frusta
1138 806 1516 854 comminutum

630 869 632 871 ’
791 866 998 937 dispersit
1009 873 1054 919 in
1066 876 1271 939 egenos?

537 942 660 1006 Qo
672 936 876 1006 quidem
886 935 1018 987 fasto
1029 937 1307 989 admodum
1317 935 1488 990 festivo
1501 976 1519 1002 ,

591 1009 704 1076 quia
716 1002 917 1072 paschali
927 1003 1199 1055 solennitate
1211 1005 1445 1057 decorato
1456 1045 1466 1063 ,

378 1079 505 1130 dum
513 1076 686 1144 Regias
701 1070 900 1123 Christo
918 1075 963 1122 in
978 1072 1272 1140 pauperibus
1291 1072 1437 1142 dapes
1453 1074 1658 1135 obtulit3

319 1147 380 1201 acl
390 1143 590 1198 coelestis
609 1140 671 1193 ab
691 1139 764 1190 illo
780 1141 903 1207 Agni
914 1139 1075 1208 epulas
1096 1145 1418 1193 commeritus
1433 1142 1500 1192 est
1519 1143 1722 1194 invitari.

375 1207 801 1283 Jucundissimum
815 1208 910 1257 hoc
920 1207 1202 1259 liberalitatis
1211 1210 1373 1275 Regiae
1393 1209 1677 1279 prodigium

496 1277 680 1332 Aidano
691 1274 892 1327 Antistiti
901 1273 1068 1326 santsto
1082 1274 1172 1327 fuit
1182 1273 1523 1344 speo'caculum
1539 1300 1549 1328 :

579 1347 736 1413 magis
747 1342 883 1413 utiqe
903 1342 1141 1394 delcetato
1153 1347 1324 1412 pietate
1334 1345 1461 1396 tanta
1474 1381 1491 1409 2

691 1412 811 1463 uam
820 1414 954 1480 regio
968 1411 1140 1463 mensae
1152 1427 1392 1481 apparatu.

337 1481 660 1539 Munificentil
685 1479 841 1531 imam
860 1482 1007 1548 igitur
1027 1480 1265 1532 OswsAth
1279 1480 1530 1532 dexteram
1543 1483 1702 1550 arripit
1714 1514 1732 1542 ,

619 1547 701 1600 osc
708 1546 888 1617 ulbque
900 1565 1025 1597 cum
1035 1552 1294 1599 reverentia
1304 1547 1405 1599 fixo
1417 1585 1434 1611 ,

639 1632 694 1668 ut
704 1616 864 1685 spiritu
878 1613 1039 1666 divino
1051 1614 1234 1667 afflatus
1248 1631 1373 1678 erat,

598 1688 659 1735 ita
671 1701 791 1735 cum
800 1681 982 1733 fiducia
994 1687 1005 1732 i
1014 1700 1200 1751 inperat
1210 1684 1461 1753 singulari:

438 1773 496 1806 ne
510 1771 683 1806 manus
695 1751 778 1802 ista
789 1751 879 1802 ullo
889 1767 1115 1819 unquam
1126 1767 1349 1820 tempore
1361 1747 1619 1820 putrescat.

468 1824 529 1873 Et
546 1820 662 1872 veto
673 1823 940 1887 imperium
952 1818 1076 1879 hoe,
1093 1816 1229 1869 fuifle
1245 1821 1530 1870 vaticinium
1541 1855 1556 1874 ,

717 1901 921 1937 eventus
931 1885 1025 1953 ipse
1038 1886 1219 1937 docuit.

207 1958 460 2033 Siquidem
470 1956 539 2009 illa
552 1972 725 2008 manus
737 1972 922 2005 annum
931 1954 956 2004 a
970 1969 1128 2004 morte
1139 1957 1388 2022 integrum
1401 1955 1626 2021 pependit
1635 1955 1844 2024 integra:

306 2047 362 2080 ac
372 2026 596 2094 deinceps
606 2021 811 2094 quoque
821 2025 835 2073 i
839 2025 1060 2073 inmunis
1072 2023 1097 2073 εὶ
1114 2025 1427 2089 corruptione
1437 2022 1730 2087 perduravit.

403 2094 551 2161 Qasr
567 2093 640 2161 jus
658 2089 802 2141 suum
818 2107 1044 2140 exercere
1065 2103 1235 2139 natura
1243 2106 1339 2139 non
1349 2086 1500 2141 fuisset
1513 2089 1621 2141 ausa

603 2163 649 2210 in
661 2156 1035 2209 liberaliffimum
1050 2154 1164 2206 illud
1180 2156 1438 2208 brachium
1451 2177 1469 2223 3

631 2225 772 2296 quod
780 2223 867 2277 suo
877 2227 923 2274 in
935 2222 1063 2275 bona
1072 2221 1154 2274 sua
1165 2220 1294 2274 ceffit
1302 2222 1390 2289 juri
1400 2262 1412 2281 ‚

533 2310 650 2348 utea
661 2291 889 2345 cederent
901 2291 1156 2360 egentibus
1168 2294 1214 2342 in
1224 2290 1460 2344 solatium.

564 2362 657 2416 Vel
673 2363 800 2413 certe
817 2361 912 2429 ipsa
923 2362 1096 2410 docere
1106 2373 1276 2411 natura
1286 2359 1442 2412 voluit
1451 2396 1471 2424 ‚

739 2429 992 2497 corrumpi
1014 2445 1111 2480 non
1131 2425 1310 2481 debere
1320 2464 1339 2491 .,

490 2498 630 2573 quod
642 2497 667 2550 a
680 2499 993 2567 corruptione
1005 2495 1162 2565 plures
1176 2492 1555 2564 praestrvaverat.

536 2567 711 2636 Qam
719 2566 828 2618 felix
843 2561 956 2617 effes
973 2563 1069 2616 hoc
1084 2563 1307 2617 thesauro
1321 2563 1514 2632 Anglia5

641 2635 675 2686 fi
693 2634 875 2686 eodem
883 2637 1159 2685 etiamnum
1175 2636 1245 2685 uti
1256 2628 1432 2686 nolles!

501 2703 597 2758 Sed
605 2707 716 2773 quia
733 2702 1041 2756 absconditus
1052 2699 1120 2751 est
1129 2701 1285 2753 oculis
1296 2697 1623 2752 obtenebratis
1634 2703 1656 2763 5

658 2786 713 2823 ut
722 2771 981 2842 negligitur
990 2809 1005 2830 ,
1017 2768 1081 2820 fic
1094 2786 1190 2820 non
1201 2765 1396 2838 prodest
1407 2783 1422 2821 x
1663 2829 1666 2832 ⁴

367 2841 471 2896 imo
483 2838 600 2893 vero
612 2843 887 2891 etiamnum
898 2836 1094 2908 prodest
1100 2858 1116 2902 5
1139 2833 1514 2906 quantumvisid
1523 2836 1728 2903 ignores,

307 2915 421 2969 Hoc
429 2908 632 2964 brachio
649 2925 901 2959 nonnemo
912 2905 1099 2970 dixerit,
1110 2906 1241 2957 velut
1251 2905 1412 2957 fulcro
1423 2919 1469 2954 te
1483 2901 1751 2956 sustentari:

446 2996 504 3030 ne
515 2975 711 3027 redaffa
725 2976 961 3026 adincitas
971 2973 1067 3027 fid'e
1078 3022 1094 3040 ‚
1122 2977 1328 3025 omnino
1339 2971 1604 3024 collabariS.

472 3044 742 3112 Suspiciunt
755 3058 919 3097 tamen
930 3044 1056 3097 hanc
1073 3042 1326 3096 dexteram
1338 3044 1458 3093 inter
1468 3038 1589 3091 astra

1888 3123 1989 3158 non
