2075 3292
787 71 1145 146 &Xoxfflss
1891 93 1926 146 5
1936 96 1954 130 ¹

219 167 414 223 Defenfi
424 168 567 220 Patris
576 181 671 234 prae
677 166 837 216 mium
850 201 867 227 ,
894 179 1158 233 paternum
1168 163 1253 214 tuli
1257 159 1316 216 ffi:
1327 165 1560 234 Regnum
1582 165 1760 219 diceres
1772 188 1785 220 :

269 232 278 239 ’
472 232 551 286 sed
565 226 785 284 meruisse
795 249 1007 348 reffnum
1018 269 1035 294 ,
1056 231 1284 301 estregno
1299 232 1470 299 majus,

98 308 325 362 Attamen
336 305 363 356 ἃ
374 316 532 356 morte
542 302 689 353 Patris
699 337 715 362 ‚
738 315 829 369 pru
867 303 960 354 enti
973 300 1143 350 Matris
1168 297 1477 364 institutione,
1489 301 1743 370 impolitus
1757 302 1902 356 haeres

647 367 1078 433 Maternumplane
1099 365 1232 420 adiit.

254 442 457 491 Paterno
472 435 649 488 clodius
659 435 905 504 exemplo:
923 433 1025 485 fieri
1042 450 1400 504 nonnunquam
1418 432 1732 502 consuevistis,-

212 522 269 559 ut
279 544 296 570 ‚
306 504 432 557 dum
440 501 661 574 cupidius
672 540 689 566 ,
700 499 859 572 quam
870 498 1071 571 aequius,
1084 518 1211 553 nova
1220 505 1462 571 acquirere
1475 502 1634 555 labora
1641 523 1778 569 mus,-

437 589 493 623 ea
505 609 522 633 ,
540 588 649 642 quae
659 574 935 640 paravimus
945 606 962 631 ,
984 573 1027 619 in
1039 585 1238 637 poenam
1249 573 1548 622 amittamus,

43 645 241 699 Alterius
253 658 405 710 regno
416 637 628 709 quisquis
641 640 788 689 inhiat
799 639 1006 698 invidus,
1022 655 1141 687 eum
1152 633 1425 688 succeflorfi
1442 640 1648 705 patietur
1667 638 1738 688 vel
1758 642 1770 689 i
1776 642 1949 693 nvituS.

193 705 682 761 FiliatumexTarafia
693 703 917 773 Alphonfi
935 707 1078 756 Patris
1096 741 1112 766 ,
1131 723 1181 754 re
1218 707 1264 754 ni
1277 703 1436 772 potius
1451 707 1790 774 Harpyiarum

180 777 449 846 ingluviem
463 778 654 845 triginta
667 773 878 826 millibus
891 789 1155 824 aureorum
1186 770 1492 840 apientiffime
1502 771 1804 840 comprellit:

73 859 157 896 aut
167 845 296 895 certe
307 842 475 914 pingui
488 845 578 892 hac
587 839 686 892 ofla
698 841 997 893 Cerbeream
1010 841 1162 907 Regni
1173 838 1362 890 famem
1377 844 1575 891 extinxit
1588 840 1769 890 Alcides
1782 841 1910 895 alter.

104 913 395 983 JamRegna
407 909 617 962 Castellae
629 911 831 961 Avitum
844 945 862 971 .‚
878 909 926 958 &
939 909 1224 959 Maternum
1235 944 1251 969 a
1263 908 1582 978 Legionisque
1596 910 1880 969 Paternum,

674 991 783 1044 quae
793 979 970 1027 virtute
985 979 1160 1027 meruit
1173 973 1254 1026 sua
1266 1012 1283 1037 ,

172 1064 274 1098 non
287 1044 442 1098 modo
452 1047 600 1097 tuitus
616 1043 684 1095 est
692 1043 881 1112 juribus
892 1079 909 1106 a
928 1042 1006 1094 sed
1019 1042 1204 1095 viribus
1218 1047 1368 1094 etiam
1377 1041 1539 1094 effecit
1558 1041 1771 1095 auctiora
1787 1081 1805 1106 ,

709 1113 813 1162 Rex
823 1110 1011 1180 semper
1021 1108 1286 1195 Augustus.

436 1176 586 1252 ldcjue
597 1177 655 1229 eo
664 1173 840 1230 felicius
851 1216 868 1241 ,
885 1177 1024 1248 quod
1033 1216 1051 1242 ,
1071 1196 1191 1230 cum
1202 1192 1400 1248 augeret
1410 1175 1490 1229 sua
1502 1214 1520 1241 ,

365 1248 458 1300 suis
467 1249 671 1319 quotjue
682 1246 871 1316 semper
881 1245 1124 1297 adauxerit
1141 1247 1365 1296 REGNUM
1384 1246 1429 1297 C
1437 1261 1619 1299 HRISTI.

319 1314 427 1367 Im&
435 1313 793 1384 prudentillime
812 1318 993 1382 primas
1006 1315 1105 1364 Reli
1146 1318 1237 1364 ioni
1247 1351 1261 1369 ,
1280 1315 1315 1364 F
1315 1312 1508 1382 ideique
1521 1312 1676 1366 dedit:

522 1397 525 1401 ·
568 1397 624 1433 ut
633 1379 862 1432 secundas
881 1380 1083 1432 servaret
1115 1381 1182 1432 ibi
1199 1383 1416 1434 ditiones·

73 1447 233 1500 Bafim
242 1465 424 1516 nempe
443 1446 667 1505 firmam,
685 1448 997 1518 primamque
1011 1450 1304 1519 Regnorum
1321 1450 1460 1499 novit
1476 1443 1565 1498 elle
1584 1448 1887 1517 Religionem
1900 1467 1917 1501 ε

71 1519 234 1588 neque
256 1516 392 1567 alium
415 1519 602 1585 Imperii
620 1516 890 1569 beatiorem
909 1533 1212 1584 proventum
1224 1553 1241 1579 ,
1303 1515 1425 1567 uam
1439 1530 1703 1585 augmenta
1715 1519 1923 1585 pietatis:

211 1588 558 1652 regionesitem
574 1601 636 1634 cu
646 1602 696 1634 m
710 1584 955 1654 Religione
968 1584 1086 1635 stare
1097 1622 1114 1647 ,
1142 1584 1192 1635 δί
1209 1532 1383 1635 cadere
1392 1601 1514 1634 cum
1528 1583 1793 1652 Religione.

168 1651 290 1703 Bella
306 1688 324 1715 ,
343 1667 453 1722 quae
468 1656 513 1703 in
526 1656 669 1703 armis
680 1651 945 1719 Religiosus
956 1689 973 1715 ‚
986 1653 1200 1721 religiose
1210 1652 1349 1722 elegit
1359 1688 1377 1715 ,
1394 1651 1652 1720 Religionis
1667 1649 1827 1702 fuere.-

347 1748 350 1751 ·
624 1716 759 1770 fuisse
771 1720 903 1772 sacra
912 1720 1070 1771 nullus
1079 1720 1315 1792 ambigat.

123 1785 299 1840 Nam&
313 1785 492 1840 Sansto
504 1824 521 1850 ,
539 1786 800 1840 sublabaro
813 1785 995 1842 sacrato
1008 1824 1025 1850 ‚
1051 1788 1215 1858 gladio
1238 1785 1546 1850 consecram,
1571 1799 1700 1856 quot
1712 1783 1841 1855 gesta
1854 1788 1875 1850 3

425 1870 595 1907 contra
606 1856 888 1907 Mauricam
899 1858 1202 1923 impietatem
1210 1854 1315 1906 sunt
1323 1854 1566 1907 confecta.

177 1923 231 1975 N
234 1940 290 1974 ec
298 1924 544 1974 infeliciter
560 1922 731 1975 cedere
743 1937 1005 1991 potuerunt
1015 1959 1031 1985 ,
1051 1938 1162 1991 quae
1173 1926 1217 1972 in
1230 1923 1370 1974 causa
1380 1923 1479 1974 Dm
1493 1920 1804 1991 gerebantur.

304 1992 378 2041 Pri
386 1990 755 2060 mumnamque
776 1988 991 2041 victoriae
1009 1990 1279 2059 auspicium
1289 1989 1358 2041 est
1371 1989 1509 2041 causa
1528 1989 1673 2041 bona.

290 2057 408 2109 Ideo
421 2054 683 2109 vistorioso
701 2057 859 2126 gladio
875 2075 975 2108 non
987 2057 1068 2108 nifi
1076 2057 1301 2110 victrices
1315 2054 1700 2108 meffuitlauros:

317 2124 688 2195 &quocunque
703 2141 876 2176 manus
894 2125 1118 2187 tetendit,
1137 2126 1306 2194 palmis
1317 2125 1677 2194 palmastenuit.

41 2189 215 2260 Qose
226 2209 400 2244 manus
419 2190 727 2250 extenderint,
743 2193 768 2242 ὲ
780 2193 1001 2243 Gothico
1019 2198 1216 2243 nomine
1235 2193 1271 2243 F
1271 2189 1643 2244 er-din-handus
1657 2206 1809 2241 omen
1822 2189 1925 2259 lege
1939 2212 1952 2243 ε

539 2259 590 2310 &
599 2257 745 2313 fatere
755 2273 770 2316 ζ
790 2261 867 2311 lon
873 2278 954 2330 gas
964 2259 1181 2329 Regibus
1191 2257 1280 2312 effe
1294 2277 1483 2313 manus,

806 2329 894 2379 Illis
907 2327 1150 2396 imprimiS
1160 2365 1177 2391 ,

42 2396 128 2467 qui
149 2412 248 2447 non
259 2393 450 2448 libidine
459 2393 743 2447 dominandi
763 2414 896 2447 arma
907 2399 1136 2464 arripiunt
1150 2433 1167 2459 ,
1183 2392 1263 2446 {ed
1277 2394 1497 2446 maxima
1509 2394 1714 2464 gloriam
1734 2393 1950 2455 ducunt,

464 2462 497 2513 fi
517 2468 801 2515 maximum
822 2465 936 2517 Deo
986 2478 1215 2516 rocurent
1235 2464 1506 2531 Imperium
1517 2486 1532 2522 ς

162 2532 250 2599 qui
266 2547 448 2583 munus
461 2531 609 2584 suum
620 2529 827 2583 credunt
837 2568 852 2588 ,
875 2479 1085 2583 latifiime
1102 2531 1292 2582 cultum
1311 2529 1489 2583 Christi
1501 2546 1820 2601 promovere,

424 2611 425 2614 ’
604 2603 688 2670 qui
699 2598 831 2652 latius
841 2600 957 2651 DEo
966 2604 1198 2668 imperare
1209 2598 1391 2652 nolunt.

147 2663 643 2735 Caesarempotentia,
673 2672 849 2720 virtute
869 2668 1134 2719 Lucullum
1150 2703 1169 2728 ,
1188 2662 1523 2737 magnitudine
1542 2662 1846 2733 Pompeium

726 2734 856 2787 dicas
870 2736 908 2786 F
908 2753 1021 2787 ERm
1028 2749 1270 2798 NANDUM3

364 2801 444 2854 nisi
454 2806 494 2854 ei
504 2819 592 2872 pro
602 2802 798 2871 copiolb
811 2803 958 2858 milite
967 2807 1204 2855 exercitus
1216 2799 1402 2854 fuissent
1413 2799 1651 2870 praecipue

463 2869 806 2924 confertiffima
815 2876 1034 2924 exercitia
1044 2874 1225 2940 pietatis
1235 2907 1252 2934 ‚
1272 2872 1321 2922 ὅ(
1333 2887 1563 2940 precum.

536 2941 597 2991 At
609 2939 709 2991 hoc
720 2939 821 3010 ipso
840 2941 1074 2994 Maximis
1085 2938 1328 3006 majorem
1345 2937 1490 2992 habe.

54 3005 256 3063 Castella
265 3010 520 3060 innumera
531 3044 548 3070 ,
561 3007 688 3059 dum
710 3008 894 3059 coron&
905 3011 1052 3061 cinxit
1062 3045 1080 3072 ,
1091 3007 1224 3060 lauro
1241 3006 1488 3059 coronaria
1502 3008 1965 3061 verticemincinxit.

194 3075 393 3146 Oppida
409 3091 534 3146 quot
544 3073 683 3142 adiit,
696 3090 770 3130 tot
779 3091 863 3133 aut
872 3074 1004 3133 fame
1014 3074 1285 3143 ,autfamsa‘²
1296 3091 1381 3129 aut
1389 3075 1548 3130 Marte
1560 3111 1578 3140 2
1598 3090 1682 3129 aut
1692 3089 1792 3129 arte
1803 3111 1823 3141 2
1879 3142 1945 3194 V·

1930 3160 1966 3191 ι-
