2055 3292
63 41 141 105 865
849 27 1213 100 &Xoxffi

379 124 589 180 Solitum
600 122 943 192 precationum
953 119 1158 190 pensum
1167 117 1430 190 persolvere
1441 123 1636 193 incipit,

603 187 727 242 cum
741 187 948 240 suorum
977 189 1205 242 manibus
1224 205 1386 248 arma,

503 260 679 320 animi,
698 255 970 325 animaecjue
980 255 1264 325 petitoribus
1273 257 1500 312 excidunt
1511 278 1525 310 ε

268 325 364 382 uafi
373 341 470 378 non
482 329 599 377 inter
611 324 815 377 suorum
833 323 1011 393 strages
1022 361 1039 387 ‚
1065 326 1115 376 δί
1125 325 1359 376 cadavera
1373 327 1491 378 Nilo
1508 328 1761 383 innatantia
1771 365 1788 392 ,

187 348 266 456 sed
280 403 400 449 inter
410 396 672 445 hortorum
683 391 873 442 delicias
884 435 899 456 ,
925 394 974 443 ὅ(
991 396 1191 460 topiaria
1200 390 1268 443 sui
1287 390 1484 446 stcurus
1499 394 1841 452 inambularet.

404 463 455 515 N
460 480 484 512 e
493 476 603 529 mpe
614 497 631 523 ,
647 477 746 511 non
756 462 1055 527 imparatum
1066 457 1237 528 petitus
1246 477 1343 512 aeru
1350 465 1474 513 mnis
1485 465 1634 531 gerit:

379 533 491 600 quia
503 532 667 578 animo
685 543 788 577 tam
799 527 1018 590 adversis,
1030 527 1186 596 quam
1198 527 1427 597 prosperis
1437 529 1637 596 majore.

359 595 799 652 Omnemfortunae
809 594 1099 646 licentiamin
1114 596 1266 647 oculis
1280 597 1446 649 habuit
1460 598 1679 667 semper,

446 680 684 733 tanquam
695 661 931 731 quidquid
945 663 1099 731 potest
1115 663 1272 714 facere
1285 701 1302 724 ‚
1319 663 1507 717 fafitura
1518 665 1588 720 sit.

67 739 199 810 Qia
215 735 332 790 vero
354 752 452 787 non
479 750 584 783 tam
605 731 872 783 instabilem
901 733 1061 781 Deam
1073 768 1088 795 a
1143 731 1265 782 uam
1278 734 1437 784 DEuM
1462 731 1662 786 fidelem
1677 732 1970 796 observavitz

521 797 684 850 victor
693 796 918 848 evaderet
928 835 946 861 .,
966 814 1049 849 aut
1059 802 1105 850 vi
1165 816 1220 849 us
1231 800 1280 849 &
1292 799 1484 851 vinetus
1496 838 1514 864 ,

526 867 588 917 nil
605 864 730 934 penfi
747 865 890 917 habui
895 881 911 915 t
923 882 936 919 1
957 866 1041 918 ubi
1052 869 1114 916 ita
1123 866 1281 918 visum
1302 869 1507 936 Superis·

596 936 787 1002 Fugam
807 933 992 986 facilem
1003 970 1021 995 ,
1040 936 1089 984 δε
1103 950 1433 1002 opportunam

223 1006 417 1077 praestns
431 1020 519 1055 nec
536 998 674 1052 fitafit
687 999 871 1051 occafio
886 1036 904 1058 ,
918 1018 1006 1053 nec
1019 1005 1208 1052 animus
1220 1039 1237 1064 ‚
1247 1000 1360 1053 suus
1369 1005 1558 1073 semper
1568 1040 1587 1068 ,
1597 1004 1817 1060 &idemt

611 1068 660 1119 ὅ(
673 1067 704 1119 si
717 1068 791 1122 vel
808 1067 938 1120 orbis
947 1072 1079 1120 ruina
1097 1069 1424 1129 incumberet,

559 1134 691 1189 velut
711 1137 835 1188 Atlas
850 1136 1078 1187 humeros
1096 1136 1440 1206 suppositurus,

276 1211 499 1263 Noverat
511 1242 528 1268 a
546 1205 690 1256 fortes
702 1242 718 1267 .,
735 1206 783 1256 &
798 1205 1013 1256 strenuos
1025 1220 1192 1255 contra
1203 1205 1451 1257 tbrtunam
1461 1203 1774 1276 insistere'spe5

267 1282 299 1328 ti
308 1277 469 1328 midos
482 1311 497 1335 a
515 1274 562 1323 ἃ
579 1279 778 1342 ignavos
790 1271 851 1322 ad
862 1271 1236 1341 desperationem
1245 1274 1502 1325 formidine
1514 1290 1786 1344 properare.

251 1344 387 1399 Hine
405 1341 665 1396 Palladium
676 1341 789 1392 illud
798 1340 997 1391 scutum
1010 1338 1196 1408 peotori
1210 1359 1232 1390 a
1237 1339 1427 1410 ppreffit
1438 1362 1450 1396 ε
1467 1360 1565 1394 non
1583 1346 1790 1397 moveri.

818 1410 1020 1476 Semper
1031 1409 1232 1471 stabilis,
1686 1438 1690 1441 >

803 1479 975 1546 quiam
987 1479 1102 1528 DEo
1112 1476 1251 1528 fixus.

545 1544 785 1613 Captivus
794 1548 939 1612 igitur
949 1544 1110 1596 fastus
1121 1582 1138 1604 .,
1156 1562 1255 1596 non
1265 1559 1456 1614 captust

479 1631 652 1665 manus
669 1612 1014 1663 commodavit
1033 1612 1256 1664 hostibus
1275 1624 1292 1675 ς,
1309 1630 1408 1664 non
1419 1610 1576 1678 dedit'3

650 1681 761 1730 DEo
775 1716 790 1740 7
805 1678 884 1730 sed
897 1679 976 1730 ioli
988 1680 1173 1731 vinetas
1183 1680 1371 1733 obtulit.

303 1748 498 1804 Verum
509 1747 687 1799 &inter
699 1747 890 1799 vincula
903 1748 1173 1799 libertatem
1182 1747 1335 1799 servat
1346 1784 1364 1810 ,
1386 1751 1502 1799 mini
1508 1748 1587 1799 me
1596 1745 1774 1803 servus„

277 1821 349 1872 Ut
360 1817 582 1871 liberator
592 1853 609 1877 ,
631 1817 678 1864 ὃ(
692 1812 792 1865 serv
800 1830 903 1865 ator
917 1816 1063 1865 suoru
1072 1834 1124 1865 m
1136 1852 1154 1877 ,
1173 1816 1222 1865 ὅ(
1241 1815 1519 1867 multorum
1528 1814 1752 1872 evaderet
1763 1856 1783 1884 2

391 1886 442 1936 δ(
451 1886 635 1952 captiva
644 1901 693 1931 m
705 1886 923 1949 captivus
935 1880 1026 1948 ipie
1040 1881 1304 1934 deduceret
1314 1888 1646 1950 captivitatem
1652 1906 1670 1951 3

628 1948 891 2017 compedes
903 1951 1055 2016 injecit
1067 1967 1090 1998 a
1099 1967 1209 1999 mor
1225 1954 1272 2001 in
1283 1945 1406 2002 suos,

582 2017 709 2070 Hinc
723 2016 910 2068 detersit
930 2021 1254 2086 ignominiam
1273 2019 1471 2070 vinculis

473 2087 635 2155 Regiae
648 2122 666 2146 ,
686 2085 734 2134 ὅ(
749 2082 1041 2135 inconcuffae
1059 2088 1233 2135 mentis
1254 2084 1575 2153 magnitudo:

622 2152 863 2202 &infame
877 2149 994 2203 servi
1006 2169 1189 2202 nomen
1199 2150 1474 2206 obliteravit

432 2225 622 2276 animus
632 2219 764 2270 sortis
781 2217 1028 2289 utriusque
1047 2217 1305 2282 dominus,
1320 2237 1374 2270 ac·
1387 2221 1630 2293 magister.

568 2287 819 2338 Paciscitur
828 2305 947 2339 cum
969 2287 1164 2340 Sultano
1180 2288 1491 2344 Lunovlcus:

591 2352 745 2406 fidem
764 2356 825 2406 ab
837 2354 1010 2405 infideli
1018 2372 1180 2406 emere
1192 2354 1469 2422 adlaborat,

552 2424 638 2474 suo
657 2421 866 2479 foenore,
887 2422 997 2474 illius
1012 2421 1219 2488 jactura,
1245 2428 1392 2478 etiam
1408 2430 1532 2482 vitae.

399 2495 494 2547 Hic
503 2494 632 2543 enim
642 2506 695 2541 ut
710 2491 829 2542 male)
844 2491 950 2543 inso
957 2508 1080 2542 rtem
1097 2489 1238 2543 suam
1253 2493 1475 2546 oculatus
1488 2494 1671 2564 videre,

633 2578 690 2611 ac
700 2559 866 2628 spirare
877 2558 1008 2610 desiit
1018 2559 1243 2621 ‚enectus
1252 2560 1279 2611 ἃ
1288 2559 1394 2615 suis,

202 2631 380 2686 Faciles
390 2625 690 2680 conditiones
701 2665 717 2690 ,
738 2643 859 2697 quas
870 2631 966 2679 iniit
976 2666 991 2687 ,
1004 2626 1089 2680 fibi
1098 2629 1209 2680 fecit
1227 2628 1522 2697 paenitendas
1531 2669 1549 2698 ‚
1564 2632 1668 2687 imo
1676 2633 1837 2692 fatales
1848 2675 1870 2704 ‚

736 2697 993 2747 Lunovico
1003 2695 1324 2764 optatiffimaS.

201 2766 414 2834 Respirat
436 2764 513 2815 hic
523 2761 742 2814 cumsuis
760 2764 1124 2833 quadringentis
1135 2802 1152 2825 ,
1176 2781 1305 2835 quos
1318 2764 1344 2816 ἐ
1355 2769 1629 2837 captivitate
1639 2767 1861 2839 deducit,

683 2831 906 2882 duodena
919 2831 1056 2883 millia
1066 2832 1376 2885 eliberaturus
1386 2870 1403 2898 ,

517 2898 596 2949 nis1
606 2899 631 2950 εἲ
642 2897 950 2965 jurejurando
962 2917 1076 2967 gens
1072 2901 1269 3018 1perfida
1279 2900 1529 2958 defecisset.

953 2970 1030 3019 Sic
1044 2987 1069 3019 e
1498 3006 1501 3010 -

577 3037 660 3103 qui
673 3032 876 3086 salutem
891 3034 1031 3088 suam
1052 3037 1167 3089 Dm
1180 3038 1501 3091 committunt
1506 3076 1528 3104 o

1867 3133 1985 3188 prae«
