2075 3292
56 79 97 139 '4'
826 54 1179 124 ffixoffiffffi
1244 66 1254 98 ‘-

260 152 488 228 perrefita
502 146 648 202 semel
666 163 816 199 manu
827 144 1086 214 permansit
1103 141 1477 210 subjeffiffimus
1495 143 1554 195 ad
1567 162 1765 204 nutum,

420 220 676 282 Flexuram
689 252 706 277 ,
723 213 947 283 adquam
959 217 1001 262 in
1012 209 1204 262 surculo
1223 212 1438 264 eruditus
1453 212 1608 265 fuerat
1618 252 1636 279 ,

425 287 522 339 non
534 281 778 334 dimittens
788 319 805 344 ‚
825 284 972 330 etiam
989 283 1030 328 in
1043 278 1212 331 arbore
1223 279 1322 346 jam
1332 280 1584 350 grandiore
1600 320 1618 347 ⁷

474 348 808 421 digniffimum
820 346 864 398 se
880 346 1075 397 testatus
1087 345 1155 397 est
1166 350 1370 415 imperio
1380 349 1512 401 orbis
1530 387 1547 413 ,

434 419 510 474 vel
521 417 615 488 ipsa
628 418 717 467 hac
728 414 1026 480 subjestione
1040 414 1217 481 major,
1229 417 1279 465 ὅ(
1290 420 1593 470 eminentior.

277 492 336 544 Et
355 491 624 559 Imperium
633 483 838 555 quidem
849 480 1261 550 septemvirorum
1278 481 1505 553 suffragio
1521 485 1739 537 delatum

400 566 407 571 ·’
559 551 781 624 primum
791 554 835 601 in
848 551 1090 601 HENiuco
1101 550 1288 602 ambire
1302 550 1462 603 didicit
1473 591 1488 609 ,

673 618 863 687 semper
873 619 1106 669 haetenus
1117 618 1368 670 ambitum
1378 656 1397 681 7

641 692 786 740 etiam
800 702 930 738 extra
940 686 1188 737 ambitum
1199 688 1386 754 imperii
1397 724 1416 750 ‚

674 752 1002 826 plurimascjue
1017 771 1100 822 per
1119 754 1369 823 ambages.

732 823 871 873 Bono
882 820 1104 873 videlicet
1115 825 1307 874 omine:

578 890 665 943 ubi
677 907 890 960 purpura
901 893 1088 940 virtutis
1098 889 1214 939 flore
1226 889 1475 941 candidata

398 963 638 1013 'virtutem
648 974 704 1008 ut
715 956 1002 1019 candidam,
1014 957 1076 1008 {ic
1086 956 1396 1008 candidatam
1407 958 1645 1027 sequiturt

454 1040 522 1078 ‘ut
533 1025 724 1091 adjesto
740 1023 919 1076 rubore
937 1025 1204 1075 candorem
1218 1043 1351 1076 ornet
1366 1025 1583 1094 amplius,

588 1094 782 1144 Ottonis
799 1093 877 1143 hic
888 1096 1006 1143 tertii
1017 1093 1172 1161 placet
1183 1092 1376 1143 confiliu
1386 1109 1462 1147 m:

299 1164 401 1229 Qi
413 1159 665 1213 summam
685 1159 1256 1228 potestatemsucceffioni
1266 1162 1503 1230 sanguinis
1515 1174 1730 1228 ereptam
1741 1195 1760 1224 ,

459 1226 660 1297 posthac
674 1232 717 1278 in
730 1231 1024 1278 meritorum
1038 1227 1142 1291 jura
1154 1229 1305 1278 voluit
1315 1228 1606 1279 concedere:

554 1309 909 1346 SEPTEMVIRUM
930 1309 1126 1342 SENATu
1139 1293 1224 1342 rite
1240 1295 1523 1345 constituto,

355 1365 457 1431 Qi
469 1363 662 1414 consilio
677 1366 739 1412 rei
744 1361 953 1427 publicae
964 1358 1480 1429 servituroPrincipem
1490 1361 1666 1428 legeret
1677 1396 1695 1421 ,

696 1428 722 1479 ’ίί
735 1444 838 1497 quo
852 1427 1054 1496 dignitas
1067 1441 1347 1488 ornaretur5

524 1514 621 1547 non
633 1500 716 1565 qui
729 1494 829 1545 [olu
838 1514 890 1545 m
909 1494 1232 1546 inclaresceret
1244 1496 1270 1546 ‘a
1290 1496 1535 1564 dignitate.

548 1563 702 1632 Idcjue
716 1558 1280 1614 secundiffimis'omnino
1292 1566 1531 1631 auspiciis:

330 1631 456 1684 dum
463 1635 533 1701 pri
541 1651 621 1682 ma
632 1646 748 1682 vota
766 1633 811 1680 in
823 1629 1051 1681 {anetum
1063 1628 1192 1679 hunc
1202 1629 1447 1680 Caesarem
1458 1627 1740 1681 inciderunt.

499 1701 570 1750 Ut
581 1700 847 1769 praesagam
859 1697 1055 1747 Ottonis
1068 1712 1287 1747 mentem
1296 1694 1428 1747 fuisse
1448 1697 1573 1746 dicas
1590 1716 1602 1746 :

429 1770 514 1838 qui
534 1769 803 1834 imperium
821 1765 976 1817 liberae
988 1764 1264 1816 obnoxium
1280 1765 1496 1816 eleotioni
1508 1764 1650 1830 fecit,-

500 1850 555 1885 ut
565 1839 757 1902 optimo
773 1871 789 1896 ,
812 1835 862 1884 δε
873 1832 1059 1901 optime
1078 1837 1251 1883 merito
1262 1831 1539 1884 deferretur.

271 1903 578 1970 Qo'nempe
592 1902 764 1952 facilius
776 1919 836 1953 ex
854 1901 1026 1969 Capite
1037 1902 1084 1950 in
1106 1899 1334 1952 membra
1345 1905 1497 1951 virtus
1510 1899 1555 1949 di
1562 1917 1801 1956 manaret.-

294 1976 346 2028 &
363 1992 422 2026 ex
436 1970 786 2023 membrorum
795 1969 1077 2039 symmetria
1088 1970 1133 2017 in
1147 1968 1315 2037 Caput
1326 1969 1476 2037 gloria
1487 1967 1796 2023 redundaret.

535 2038 638 2090 Nisi
655 2035 810 2106 potius
825 2056 879 2087 ea
889 2035 979 2087 fuit
993 2036 1226 2086 Numinis
1236 2035 1534 2104 providentia

393 2109 491 2160 hoc
501 2105 778 2157 institutum
790 2107 888 2155 hoc
901 2103 1078 2155 statuto
1091 2103 1292 2154 volentis
1305 2103 1665 2172 comprobare:

80 2196 136 2235 ut
145 2173 587 2252 quemadmodum
606 2171 900 2224 haereclitariu
911 2170 1108 2290 algisius
1123 2173 1393 2240 Imperium
1403 2172 1429 2222 ἐἴ
1441 2170 1604 2223 samito
1616 2169 1755 2222 duxit
1771 2169 1967 2224 exordia
1975 2197 1993 2235 ς

271 2250 333 2298 ita
344 2258 557 2313 caeptum
570 2241 630 2295 ab
642 2241 873 2293 electione
883 2239 960 2291 san
1018 2258 1049 2289 o
1061 2239 1222 2289 statim
1234 2240 1405 2310 Cap1te
1416 2242 1799 2306 inauguraretur.

657 2310 717 2359 Et
731 2308 846 2358 vero
860 2306 1139 2354 melioribus
1155 2306 1417 2356 etiamfatis
1430 2327 1446 2354 .-

709 2372 776 2423 du
783 2392 835 2423 m
845 2368 959 2421 illud
971 2370 997 2420 ἐἰ
1011 2369 1175 2420 sand’co
1186 2370 1386 2439 Auspice

527 2438 832 2512 degeneravit
842 2443 886 2490 in
898 2437 1113 2507 posteros
1132 2437 1302 2489 deinde
1316 2438 1564 2509 quosdam

440 2510 516 2563 san
557 2511 680 2561 uinis
692 2507 899 2580 quidem
910 2545 925 2566 ‚
942 2523 1039 2556 non
1055 2508 1242 2557 virtutis
1253 2522 1419 2559 tamen
1431 2507 1664 2561 haeredes:

487 2529 713 2651 affeocjue
725 2581 843 2628 inter
854 2577 1088 2645 praecocia
1099 2573 1360 2627 hortorum
1371 2579 1594 2646 germina

603 2645 677 2698 vel
690 2650 735 2697 in
743 2644 938 2711 juventa
948 2638 1166 2694 effaetum
1175 2644 1437 2698 consenuit.

438 2729 441 2732 ’
504 2714 632 2767 Istud
648 2713 764 2766 vero
785 2711 950 2782 postea
959 2726 1100 2781 aequo
1111 2710 1351 2764 eleffionis
1362 2712 1558 2766 arbitrio
1568 2752 1584 2771 ‚

507 2781 649 2854 quod
665 2780 890 2850 suprema
899 2778 985 2832 fibi
996 2779 1038 2831 di
1040 2778 1246 2848 phthera
1255 2778 1562 2834 substituerat
1570 2807 1590 2841 ς

624 2865 679 2902 ut
688 2846 948 2901 feliciffima
956 2848 1072 2904 sorte
1084 2846 1275 2899 deflexit
1285 2852 1331 2899 in
1343 2849 1443 2901 illos
1451 2887 1471 2913 ,

634 2918 817 2988 quibus
827 2932 917 2984 pro
929 2914 1196 2968 haereditate
1208 2919 1362 2967 virtus
1372 2916 1465 2978 est3

305 2991 369 3044 fic
379 2993 424 3044 in
433 3007 530 3044 una
540 2984 816 3038 eorundem
824 2982 1108 3036 succeffione
1130 2999 1356 3053 perennat
1365 3022 1382 3047 .,
1403 2984 1453 3035 &
1465 2984 1744 3054 perennabit
1759 3025 1775 3051 ,

542 3059 690 3109 etiam
700 3052 792 3127 fine
804 3051 1097 3111 haereditario
1108 3050 1209 3118 jure
1227 3066 1540 3123 perpetuum.
1760 3121 1855 3191 Q
1912 3118 1942 3171 d

1816 3134 1909 3175 uan
1945 3137 2000 3173 o-
