2075 3292
844 29 1199 101 ἕὲἒΚοΧὲἓέἐ
1929 57 1993 109 ³7

82 122 1717 271 ffiffififfiffirffiffiffffiffiffiffiffl
1793 136 1992 244 &Q

87 259 1234 322 ῧῧῧῧῗῧῧῧὸἶῧῧῧῧῧῧῗῧῧῧῧῧῧῆῧῧῧ
1258 263 1688 326 ῧὸῗφῦφῧφφόἓ
1799 273 1985 330 ἆῦῧῧ

354 541 755 654 REX
914 543 1141 646 SU

671 675 738 753 C
748 675 1107 752 onstantia
1147 677 1393 759 clarus,

372 822 377 827 '
544 818 624 870 Ue
643 857 658 876 ,
680 820 766 888 qui
782 814 997 867 monstra
1014 814 1274 880 desideras,

387 820 522 1004 Η
776 901 938 933 raram
947 901 993 933 in
1005 899 1136 934 terris
1153 901 1239 936 ave
1248 904 1298 937 m
1310 923 1328 950 ,

746 950 917 1002 album
928 969 1092 1002 cernes
1104 970 1317 1004 corvum
1333 972 1346 1005 :

582 1019 696 1071 nihil
708 1033 873 1069 tamen
888 1018 1085 1069 insolens
1095 1023 1139 1069 in
1150 1019 1473 1087 septentrione.

178 1096 377 1162 Nempe
395 1095 511 1143 inter
529 1089 642 1139 aulae
653 1085 1150 1153 corruptelasrestum
1171 1087 1220 1137 δε
1233 1103 1454 1143 tenacem
1465 1094 1694 1161 propositi
1705 1101 1898 1154 virum:

712 1153 816 1206 imo
829 1153 877 1203 ἃ
892 1153 988 1204 hoc
1005 1153 1105 1222 ipso
1117 1155 1324 1223 Regem.

519 1221 844 1288 Qidnienim
863 1221 966 1271 Rex
983 1259 1000 1284 ,
1017 1226 1101 1289 qui
1114 1225 1481 1290 potuitmetus?

547 1289 677 1341 fleoti
692 1287 879 1339 nescius
890 1324 906 1349 ,
923 1291 1247 1356 praeterquam
1260 1294 1305 1340 in
1323 1295 1512 1348 melius·

840 1355 1024 1405 Efflcus
1039 1357 1116 1406 hic
1126 1356 1220 1418 est,

261 1421 526 1481 Adamasne
538 1459 555 1485 ,
577 1439 632 1472 an
643 1425 820 1474 vivum
840 1421 1155 1474 adamantinae
1172 1423 1446 1478 constantiae
1457 1427 1808 1485 simulacrum?

438 1491 580 1546 Sidus
598 1490 696 1541 hoc
712 1490 995 1557 Principum
1007 1488 1253 1542 succendit
1266 1493 1374 1546 orbi
1387 1496 1583 1551 Suecia:

755 1556 893 1626 quod
907 1555 1059 1609 solem
1072 1557 1283 1611 dicerem
1295 1597 1312 1623 ,

513 1627 603 1678 nisi
614 1627 827 1676 maculas
841 1623 971 1689 juxta
986 1624 1238 1695 ignorasset
1249 1665 1266 1690 ,
1283 1646 1342 1678 ac
1353 1628 1556 1697 eclipseS.

592 1694 784 1745 Mirum
797 1691 914 1743 vero
926 1696 1040 1743 tanti
1050 1693 1241 1745 luminis
1258 1699 1465 1764 patriam

643 1763 919 1811 etiamnum
930 1761 1135 1814 tenebris
1147 1762 1385 1817 laborare.

432 1828 526 1882 Sed
536 1829 776 1898 talparum
787 1865 804 1889 .,
822 1846 879 1878 ac
896 1828 1213 1898 nycteridum
1234 1831 1328 1881 hoc
1340 1831 1497 1884 fatum
1506 1832 1603 1898 est,

641 1911 697 1946 ut
713 1895 789 1944 vel
800 1897 845 1944 in
876 1895 1073 1946 meridie
1088 1902 1354 1952 caecutiant.

243 1970 384 2019 Erras
395 1980 584 2017 autem,
604 1963 636 2014 si
647 1962 815 2013 lumini
832 1965 1042 2029 impUtes
1062 1999 1079 2024 ,
1096 1963 1238 2032 quod
1249 1969 1367 2016 vitiu
1377 1966 1506 2018 mest
1523 1969 1801 2027 oculorum.

559 2076 563 2081 .
645 2029 838 2081 Natales
848 2030 929 2079 etfi
946 2048 1044 2080 non
1062 2030 1373 2084 sereniffimos
1385 2070 1403 2096 ,

668 2094 995 2148 illustriffimos
1006 2112 1171 2149 tamen
1186 2099 1378 2153 habuit:

398 2169 555 2236 Regio
567 2162 827 2215 stemmate
839 2199 855 2224 ‚
873 2180 1164 2234 quanquam
1181 2184 1278 2217 non
1293 2167 1512 2239 Regibus
1528 2186 1681 2226 natus,

765 2232 878 2282 Nec
898 2231 945 2281 id
955 2230 1049 2283 fine
1062 2234 1312 2289 Numinez

569 2297 665 2352 five
675 2316 732 2349 ne
752 2298 928 2350 debere
945 2298 1190 2350 videretur
1207 2299 1452 2370 sanguini,

627 2365 766 2435 quod
778 2365 1030 2417 habiturus
1043 2383 1141 2418 erat
1158 2368 1184 2418 ‘a
1203 2372 1380 2421 virtute
1394 2383 1415 2432 3

627 2435 723 2485 five
733 2452 790 2485 ne
807 2433 887 2484 hic
904 2433 969 2485 sol
984 2450 1120 2485 ortus
1137 2438 1182 2486 in
1200 2453 1414 2507 purpura
1425 2475 1443 2501 ,

539 2501 727 2555 faedum
736 2502 946 2571 procellis
955 2501 1218 2572 praesagiret
1235 2505 1515 2562 meridiemt

451 2572 562 2624 meli
568 2568 622 2624 us
633 2566 876 2622 occasum
886 2574 1098 2642 martyrii
1109 2570 1389 2625 accensurus
1400 2579 1584 2628 murice
1597 2590 1618 2639 3

791 2641 878 2707 qui
888 2654 1117 2708 optatum
1131 2639 1247 2703 tibi,

513 2705 751 2760 obvolute
761 2724 988 2758 errorum
996 2707 1185 2760 umbris
1202 2707 1456 2778 septentrio
1466 2747 1485 2776 ,

642 2774 934 2844 postliminio
956 2775 1097 2827 mane
1121 2780 1379 2845 parturiret.

610 2844 744 2912 Ergo
756 2846 800 2893 in
812 2860 946 2894 auras
957 2843 1111 2895 editus
1121 2860 1250 2895 extra
1262 2845 1390 2896 aulas
1400 2881 1420 2909 ,

647 2915 884 2964 virtutem
893 2915 1058 2980 privati
1069 2911 1169 2963 laris
1177 2912 1393 2964 incolam

573 2998 674 3034 non
689 2982 898 3040 mirum,
920 2979 953 3032 fi
963 2978 1138 3034 felicius
1155 2977 1486 3050 deprehendit.

1058 3047 1102 3099 K
1857 3053 1967 3107 Hu-
