2075 3292
882 36 1235 106 ffixoxffiffl

509 143 566 179 an
575 123 806 178 illustratis
817 122 1146 193 postmodum
1156 125 1311 176 oculis
1323 125 1566 178 erubuerit
1576 136 1600 182 e

620 195 747 245 Hinc
759 193 902 243 facilis
912 189 1001 243 esse
1020 191 1297 257 conjectura
1307 192 1488 259 potest,

264 278 511 338 quantum
524 260 740 313 Ecclesiae
753 260 899 311 decus
913 260 1117 310 attulerit
1129 260 1377 328 multiplici
1392 263 1640 313 virtutum
1652 279 1824 332 genere
1838 301 1857 328 7

405 334 490 400 qui
505 346 787 398 praeconem
799 345 972 378 earum
981 328 1356 381 celeberrimum
1369 332 1515 397 coepit
1528 347 1665 398 agere
1675 368 1692 392 7

289 400 458 470 priuscj
462 416 580 450 uam
592 401 635 448 in
645 395 690 448 st:
702 413 874 447 earum
886 395 1136 446 dulcedine
1155 433 1173 459 7
1193 395 1243 446 ὃ(
1265 393 1412 464 gustu
1424 395 1820 464 perfunderetur:

399 467 500 520 hoc
512 465 581 516 est
591 500 608 528 7
623 464 807 515 venales
819 480 1056 531 exponere
1076 466 1367 532 Margaritas
1386 464 1492 514 ante
1503 470 1705 516 tentavit
1715 503 1733 528 7

527 533 694 603 'quam
705 534 920 601 pretium
932 547 1104 582 earum
1120 528 1224 581 satis
1233 527 1550 599 cognoviffet.

335 603 484 655 Fonte
495 605 641 671 igitur
650 600 780 651 sacro
796 599 1096 650 mundatum
1105 635 1122 661 7
1143 597 1193 648 ὃ(
1204 597 1396 648 feliciter
1406 602 1659 668 irrigatum
1670 599 1738 650 est
1749 637 1769 664 7

557 683 662 719 tam
683 665 942 717 candidum
957 666 1087 728 alias7
1108 681 1213 716 tam
1224 665 1368 716 dulce
1384 667 1573 734 Caput:

500 740 544 786 in
553 752 658 806 quo
669 735 753 787 sibi
767 734 952 785 coelum
970 730 1313 802 complacuilie
1322 733 1606 789 videbatur:

217 806 287 859 Ut
302 808 346 855 in
359 804 531 873 Capite
551 803 823 872 Anglorum
835 803 1027 871 Angelis
1038 801 1176 854 bonis
1195 800 1559 871 jungendorum
1578 800 1881 856 scriberetur.

251 875 367 926 Hoc
382 873 582 924 maculis
600 871 818 924 absoluto
829 907 846 932 7
866 875 910 919 in
923 885 1094 920 caetera
1108 872 1335 921 membra
1347 868 1565 920 venustas
1575 870 1662 919 late
1674 867 1856 921 diffusa.

367 942 421 994 N
426 955 572 991 amut
587 953 808 1007 magnete
819 953 887 987 tra
896 938 1075 988 huntur
1086 936 1250 1005 populi
1265 937 1490 1005 exemplo
1509 939 1723 1007 Regum.

486 1009 590 1060 Rex
600 1008 710 1059 velit
718 1002 917 1055 honesta
932 1041 949 1067 7
965 1023 1115 1055 nemo
1130 1021 1229 1054 non
1240 1004 1411 1056 eadem
1423 1006 1551 1056 volet
1560 1026 1577 1069 3

754 1072 836 1123 nisi
848 1072 995 1123 hostis
1012 1071 1152 1123 fuerit
1175 1072 1370 1124 honesti.

340 1139 850 1212 Illicocoepitundiq'ue
862 1140 1074 1190 resonare
1085 1140 1341 1190 Cflmsrus
1355 1177 1372 1202 7
1395 1139 1444 1190 ἃ
1463 1139 1551 1190 coli
1573 1138 1763 1207 palam&

312 1211 420 1262 fana
432 1211 552 1261 dirui
567 1249 577 1266 ,
595 1214 640 1260 in
659 1207 889 1260 Ecclefias
908 1206 1106 1258 delubra
1117 1208 1374 1257 consecrari
1386 1244 1403 1269 7
1422 1207 1546 1257 idola
1561 1207 1771 1259 subverti
1779 1243 1798 1267 7

167 1271 517 1346 superstitiones
529 1278 705 1329 aboleri
717 1313 733 1338 7
749 1314 764 1332 ,
790 1293 940 1326 omne
952 1278 1188 1325 vitiorum
1203 1274 1253 1324 ὅ(
1268 1272 1509 1325 scelerum
1528 1275 1674 1323 chaos
1690 1274 1743 1324 eli
1750 1273 1948 1336 minari,

438 1344 760 1411 errorumque
779 1343 985 1394 tenebris
999 1342 1166 1409 procul
1179 1341 1384 1404 abaffis,
1394 1342 1475 1392 lux
1488 1338 1694 1393 affundit

646 1413 697 1463 ὅ(
711 1415 756 1461 in
768 1411 859 1461 hac
871 1409 1124 1460 amandata
1142 1409 1383 1478 Gorgone
1398 1447 1412 1466 ,

481 1476 626 1532 saxeis
645 1484 870 1548 gentium
886 1476 974 1527 diis
988 1476 1395 1528 verumsubstitui
1412 1477 1635 1529 Numen.

517 1549 662 1599 Unde
677 1547 943 1598 &morum
968 1543 1068 1594 elisa
1079 1544 1249 1594 sensim
1263 1544 1330 1594 est
1349 1545 1588 1596 barbaries
1606 1558 1626 1605 5
1785 1588 1789 1594 Α

343 1613 395 1665 &
406 1613 584 1666 feritate
597 1613 818 1665 dedolat‘a
831 1649 847 1676 7
871 1614 1141 1663 humanitas
1151 1609 1332 1662 faciem
1349 1609 1500 1662 induit
1509 1611 1792 1679 planiorem‘.

247 1678 448 1735 Vidiffes
469 1690 665 1754 Regem
675 1680 916 1744 eundem7
935 1680 984 1729 ὅ(
1005 1678 1293 1748 Apostolum
1307 1680 1429 1733 Zelo
1447 1679 1579 1732 sacro
1592 1678 1869 1744 ardentem,

425 1751 676 1802 Omnium
686 1754 928 1802 virtutum
940 1747 1184 1815 exemplar
1193 1746 1389 1797 fafitum
1403 1783 1420 1809 7
1442 1746 1665 1797 &ideam
1679 1766 1695 1808 ,-

412 1818 585 1872 Verbo
601 1821 859 1888 egregium
872 1815 1171 1867 Constantini
1184 1813 1386 1885 Augusti
1407 1817 1728 1866 imitatorem:

596 1890 711 1956 quia
723 1888 773 1936 6<
783 1881 1036 1953 Augustini
1049 1881 1195 1933 sancti
1210 1882 1509 1949 dilcipulum.

546 1956 621 2006 Ad
636 1970 844 2004 omnem
854 1954 1087 2002 virtutem
1097 1964 1304 2001 nontam
1322 1953 1507 2000 animos
1519 1986 1536 2012 7

348 2027 510 2079 flabro
522 2037 741 2076 aromata
749 2021 949 2089 spirante
963 2020 1175 2068 imitatus
1186 2016 1438 2077 Austrum,
1448 2016 1777 2079 faecundabat3

173 2097 331 2170 quam
344 2096 554 2147 currenti
568 2090 726 2141 calcar
736 2125 753 2150 7
773 2086 949 2139 volanti
959 2089 1204 2152 impetum
1217 2124 1230 2143 ‚
1250 2084 1418 2134 oleum
1430 2083 1608 2135 ardenti
1620 2085 1920 2137 ministrabat
1929 2122 1948 2150 7

449 2159 630 2212 affiduo
641 2170 817 2207 conatu
831 2154 1132 2204 GREGoRrus
1150 2154 1391 2203 AersTEs
1411 2153 1673 2204 ROMANUS.

347 2232 514 2299 ingens
526 2228 582 2278 illi
595 2223 741 2275 ardor
756 2222 806 2273 &
817 2221 1037 2271 studium
1054 2217 1211 2270 fidem
1229 2222 1442 2288 agnitam
1453 2216 1805 2272 disseminandi:

793 2286 861 2339 us
885 2306 946 2338 ue
960 2286 1083 2337 adeo
1096 2285 1303 2354 quidem
1313 2323 1331 2349 7

168 2381 225 2420 ut
236 2370 280 2416 in
295 2367 584 2418 Societatem
603 2353 803 2430 promisi
805 2375 841 2407 ae
869 2357 945 2424 pei
957 2357 1171 2405 venirent
1180 2372 1353 2405 omnes
1363 2390 1381 2417 7
1391 2370 1516 2424 quos
1525 2353 1675 2423 pollet
1686 2355 1932 2411 adducere
1940 2386 1956 2423 3

178 2435 230 2487 &
240 2436 339 2504 pari
352 2431 476 2485 sorte
493 2426 782 2483 immortalis
800 2428 905 2477 vitae
917 2422 1175 2475 bearentur
1188 2458 1213 2488 ³.
1226 2424 1345 2473 inter
1355 2421 1598 2474 obnoxios
1610 2425 1801 2476 mortali
1812 2430 1921 2478 vitae
1929 2465 1949 2492 7

499 2515 628 2567 quos
640 2512 726 2564 par
737 2492 951 2544 conditio
975 2489 1271 2541 mortalitatis
1285 2489 1461 2542 fecerat
1471 2489 1654 2543 simileS.

199 2573 378 2629 Videre
388 2564 628 2621 subditi&
643 2565 812 2630 Regna
823 2575 983 2611 extera
992 2595 1009 2622 7
1029 2556 1330 2610 Seetatorem
1339 2557 1572 2617 eundem,
1590 2559 1640 2610 ὃ(
1654 2559 1938 2626 Suasorem,

453 2634 535 2685 fari
546 2651 645 2683 non
657 2631 1045 2700 promptiorem,
1064 2625 1221 2695 quam
1239 2625 1399 2677 facere
1420 2626 1635 2680 meliora.

252 2704 410 2776 Qod
427 2699 722 2772 Augustinus
739 2696 790 2747 &
810 2694 1071 2747 Consortes
1081 2692 1183 2757 ejus
1197 2694 1367 2745 humili
1385 2711 1513 2745 voce
1527 2694 1843 2763 praedicarunt
1853 2734 1873 2761 7

591 2765 786 2819 sublimi
797 2765 904 2816 Rex
921 2763 980 2815 M
985 2759 1168 2828 ajestate
1178 2760 1514 2814 confirmavit:

581 2833 771 2886 &faeto
791 2831 970 2902 grande
988 2828 1146 2882 verbis
1157 2828 1350 2897 pondus
1367 2828 1560 2880 addidit.

553 2900 711 2969 de
721 2901 1039 2970 plantaverant
1048 2897 1105 2947 illi
1120 2896 1470 2964 Apostolorum
1480 2900 1574 2949 ritu
1584 2935 1597 2957 ‚

292 2975 443 3046 Regia
463 2974 538 3024 hic
550 2971 838 3028 authoritate
851 3005 868 3031 7
895 2964 1095 3018 minime
1109 2979 1276 3015 tamen
1288 2964 1495 3016 violenta
1507 3003 1518 3020 ,
1539 2969 1841 3036 propagavit.

448 3037 686 3097 Hoevero
698 3034 1002 3106 etiampacsto
1010 3031 1189 3090 felicius
1199 3035 1365 3087 omnia
1375 3033 1671 3102 processere,
1903 3102 1942 3154 P

1942 3119 2020 3153 ro-
