2075 3292
862 36 1221 107 ἓᾷἓχῠχὲἐξ

426 123 858 184 Democlis.vi&ori
863 142 886 174 a
901 124 1032 176 haud
1049 124 1226 194 parum
1237 125 1296 178 ab
1309 126 1590 184 ascendente

657 236 659 238 ,
692 210 791 244 non
803 207 908 243 tam
920 191 1157 245 bullientis
1169 208 1307 262 aquae
1317 231 1334 256 ,

499 260 658 333 quam
668 277 802 311 vanae
813 260 974 328 gloriae
986 258 1132 311 fumo
1157 260 1506 316 obtenebratur
1521 289 1532 317 :

587 345 670 383 tua
688 326 803 379 vero
817 332 862 378 in
872 327 1046 377 aemula
1056 327 1254 397 crystalli
1266 329 1420 398 glacie

541 415 556 449 x
655 395 846 446 fincerae
866 398 1039 446 mentis
1055 392 1282 461 symbolo
1295 433 1312 458 ‚

608 462 854 532 splendore
871 465 1120 532 geminato
1131 462 1365 516 elucescit.

745 529 966 582 Meruisti
979 544 1245 581 coronam:

644 617 732 650 nec
749 598 890 647 aliam
902 634 918 658 ‚
938 597 1094 666 quam
1107 613 1382 668 myrteam:

612 684 709 717 non
720 681 824 716 tam
835 669 948 733 quia
958 682 1077 715 cum
1087 665 1316 717 Romano
1335 666 1411 717 illo

688 751 796 784 rem
808 730 977 802 geffisti·
992 732 1084 782 sine
1099 733 1173 783 {an
1180 737 1349 802 guine3

568 800 725 872 quam
736 817 849 871 quia
858 800 1128 868 triumphas
1139 799 1199 850 de
1214 803 1425 853 Venere:

794 870 870 918 cui
881 867 1008 918 {acra
1022 883 1227 938 myrtus,

561 937 778 1004 Qanqu
785 953 867 986 am
878 933 980 1000 jam
990 939 1129 986 ternis
1139 934 1223 987 suo
1234 938 1277 986 in
1290 934 1454 1005 insigni

725 1018 770 1054 te
785 1005 958 1054 Suecia
968 1007 1158 1053 coronis
1172 1018 1333 1054 ornat:

542 1071 654 1122 Sive
666 1069 803 1141 quod
825 1088 933 1120 mos
945 1071 1285 1140 estBelgarum
1298 1070 1486 1139 populis
1495 1107 1513 1134 ,

636 1138 798 1206 triplici
819 1138 940 1189 serto
952 1141 1141 1207 cingere
1152 1141 1376 1208 Virgines
1389 1152 1409 1202 5

685 1207 784 1258 five
794 1203 932 1275 quod
946 1223 1046 1256 uno
1057 1210 1102 1256 in
1113 1208 1376 1258 certamine

687 1274 739 1323 ἃ
754 1272 1012 1342 profligasti
1027 1273 1159 1324 hoste
1167 1293 1219 1324 m
1230 1274 1315 1326 tibi
1336 1311 1355 1338 ,

715 1341 767 1390 ὃ(
789 1339 976 1392 servasti
995 1344 1160 1392 civem
1179 1342 1296 1392 caelo
1311 1360 1325 1388 :

428 1406 645 1477 adeoque
667 1425 809 1458 verus
829 1410 1094 1476 Imperator
1110 1411 1374 1459 innumeris
1391 1413 1619 1481 exemplo

638 1492 807 1543 parem
818 1475 878 1525 ad
894 1474 1155 1526 vicl-oriam
1167 1474 1395 1544 praeivisti.

487 1541 630 1595 Caelo
642 1560 772 1593 nunc
787 1542 904 1595 felici
923 1541 1234 1610 insculpimus
1252 1547 1565 1600 encomium.

461 1613 583 1663 Non
595 1612 719 1663 solus
736 1613 982 1680 Diogenes
995 1614 1040 1661 in
1055 1611 1183 1662 dolio
1200 1609 1564 1680 philosophatur
1573 1611 1595 1676 ‚'

507 1679 636 1746 Cyni
643 1696 711 1729 cae
723 1679 983 1748 quondam
1000 1679 1208 1747 palaestra
1225 1682 1534 1747 pervicaciae:

427 1746 708 1800 Christianae
716 1747 816 1814 jam
829 1746 1143 1816 gymnasium
1153 1746 1298 1798 evasit
1316 1764 1627 1800 coNsrANnAE

661 1816 795 1884 Rege
811 1813 1044 1882 magistro
1063 1814 1390 1867 nobilitatum.

643 1885 695 1933 ln
714 1883 815 1933 hoc
839 1883 1020 1932 Emcus
1032 1881 1424 1950 aperuitludum3

617 1967 678 2002 ex
688 1965 793 2018 quo
804 1967 901 1999 non
913 1947 1072 2001 verbis
1083 1985 1100 2009 .‚
1119 1947 1199 2000 sed
1210 1950 1443 2017 exemplis

704 2017 964 2083 voluptatis
983 2031 1365 2085 contemptum,

447 2093 500 2138 δε
514 2083 733 2138 sanstam
743 2087 787 2134 in
799 2082 1036 2135 illecebras
1051 2082 1196 2134 docet
1213 2083 1606 2137 obstinationem.

460 2204 463 2205 γ
711 2151 903 2203 Accede
916 2150 1047 2203 orbis
1060 2189 1076 2213 ,
1093 2152 1147 2204 &
1160 2150 1301 2203 dilce.

443 2222 504 2275 At
514 2237 610 2273 non
621 2218 781 2271 minus
792 2234 960 2270 contra
977 2236 1120 2269 aurea
1131 2255 1149 2281 ,
1169 2220 1326 2288 quam
1345 2223 1485 2287 ignea
1499 2220 1588 2271 tela
1599 2258 1618 2285 ,

659 2285 1114 2339 animumexhibuit
1132 2286 1390 2338 invistum.

290 2356 473 2410 Falleris
490 2356 727 2424 Philippe:
748 2354 890 2422 cujus
899 2352 1122 2405 sententia
1135 2353 1249 2405 nihil
1260 2368 1377 2406 auro
1389 2356 1776 2426 inexpugnabile.

639 2425 783 2474 Emc1
806 2426 996 2481 animus
1009 2420 1155 2473 estille
1173 2419 1420 2491 scopulus:

372 2491 434 2544 ad
444 2509 604 2564 quem
616 2491 791 2543 victrix
802 2490 907 2541 haec
928 2489 1102 2542 mundi
1114 2491 1340 2542 machina
1350 2488 1678 2560 naufragatur.

248 2560 530 2613 inauditum
537 2560 702 2630 populi
721 2558 808 2611 filo
823 2576 884 2610 cu
894 2579 945 2611 m
957 2559 1092 2629 Rege
1109 2573 1357 2610 certamen
1368 2557 1604 2627 spectavit
1617 2560 1789 2612 Suecia
1800 2597 1818 2625 ,

648 2627 776 2679 dum
786 2626 856 2677 ille
873 2643 990 2695 opes
1004 2626 1181 2677 nolenti
1192 2626 1444 2691 obtrudit,

690 2696 768 2746 hic
779 2694 999 2747 obtrusas
1007 2693 1173 2746 volens
1185 2692 1379 2764 respuit.

359 2762 573 2834 Utrique
587 2763 647 2815 ad
657 2762 920 2815 victoriam
931 2761 1062 2814 tanto
1071 2766 1246 2813 rariore
1264 2761 1565 2814 contendunt
1581 2762 1656 2814 vifi
1670 2776 1691 2825 5

695 2829 880 2901 quanto
894 2829 1162 2884 insolentius
1172 2829 1242 2881 est
1251 2866 1270 2893 ‚

622 2899 801 2952 tributa
811 2899 896 2952 fibi
916 2902 1165 2968 imponere
1175 2898 1395 2952 subditos
1408 2936 1427 2963 ‚

774 2967 825 3018 ὃ(
836 2967 1094 3036 prohibere
1107 2968 1280 3036 Reges·

305 3031 369 3087 At
382 3031 694 3091 Gallicanum
707 3034 842 3089 hunc
859 3035 1127 3156 Herqissfim
1136 3033 1428 3090 constantior
1437 3037 1554 3089 vicit
1577 3033 1761 3087 Emcus
1779 3047 1795 3092 t

1919 3119 1992 3154 IG-
