2075 3292
31 49 104 113 621
853 35 1205 109 ffixossffl

426 132 564 204 Lapis
574 131 754 185 etenim
771 129 1043 184 offensioni-s
1051 130 1352 203 quandoque
1359 133 1569 202 tollitur3

619 196 864 253 cuminter
875 214 1050 253 meum
1065 232 1083 264 5
1104 202 1342 266 &tuuim

457 267 784 321 confiniorum
795 268 968 320 limites
978 300 996 333 5
1016 284 1070 320 ut
1079 268 1145 320 fas
1155 268 1225 320 est
1233 305 1251 332 .,
1266 267 1553 323 statuuntur.

449 339 561 390 Sors
571 350 695 389 caeca
711 335 897 404 justitiae
906 335 1183 397 administra
1198 336 1298 404 dire
1304 341 1392 390 mit
1402 339 1536 390 litem
1548 360 1563 394 z

316 407 444 462 dum
455 406 756 470 GuN'rRAMo
775 401 1013 472 Regnum
1031 403 1247 458 attribuit
1266 405 1709 477 Burgundionuma,

565 469 793 523 Fratrum
808 471 1006 535 cuilibet
1017 472 1166 524 su'um
1177 470 1396 528 reddens.

438 536 631 592 Cessant
640 539 820 608 jurgia3
844 538 928 592 ubi
944 539 1032 592 suo
1047 540 1255 610 quiscjue
1267 542 1560 611 potiturjure
1572 562 1602 603 ε,

508 623 598 659 nec
612 607 763 659 alieno
773 607 946 671 inhiat,
965 612 1051 678 qui
1061 613 1262 678 proprio
1279 609 1484 662 satiatur.

407 675 479 729 Ut
494 689 751 744 acceptam
763 678 910 745 igitur
919 687 1099 728 teneret
1116 677 1272 748 Regni
1290 683 1561 746 potentiam
1571 712 1590 742 a,

569 741 793 795 fundavit
804 743 930 795 illam
943 742 1086 795 solide
1101 748 1146 795 in
1158 760 1277 796 soLo
1291 747 1406 797 Deo
1417 784 1435 811 2

606 811 657 861 δε
679 814 868 879 pietatis
878 811 1032 864 basim
1042 811 1208 881 jecitin
1221 812 1373 866 coelo:

319 877 422 950 qud
437 880 655 931 violentae
667 878 888 930 hostium
907 896 1081 931 manus
1091 897 1189 932 non
1205 878 1400 950 poffunt
1415 894 1675 951 penetrare.

99 945 242 1002 Cum
254 946 480 999 Domino
496 949 810 998 exercituum
823 945 1077 999 habiturus
1094 964 1276 1015 pacem
1286 965 1463 1001 aeterno
1482 948 1662 1001 foedere
1675 945 1912 1015 juratam,

293 1018 340 1067 in
349 1029 648 1084 perpetuum
659 1013 712 1064 illi
723 1031 898 1065 omnes
910 1017 1055 1065 animi
1068 1013 1274 1068 affeetus
1283 1018 1558 1070 tributarios
1569 1017 1708 1068 fecit:

441 1084 491 1132 ὅ(
503 1081 636 1133 nullo
645 1098 743 1133 non
762 1079 871 1132 loco
883 1083 992 1143 ,stu
1011 1087 1203 1152 privato
1221 1084 1329 1149 ‚seu
1347 1084 1542 1153 publico
1553 1119 1571 1149 1,

401 1145 594 1201 devotae
610 1153 782 1201 mentis
792 1150 921 1202 vesti
926 1152 1001 1220 gal
1013 1152 1238 1220 pependit
1249 1152 1612 1205 accuratiffime.

408 1218 547 1269 Pacis
560 1235 652 1269 con
663 1218 866 1269 ditiones
879 1217 1037 1269 statuit
1052 1223 1225 1271 divinae
1237 1220 1352 1289 legis
1363 1222 1606 1272 articulos:

409 1301 537 1355 quos
548 1290 901 1355 praevaricatrix
919 1300 1084 1337 tamen
1095 1285 1409 1340 subditorum
1420 1288 1613 1342 rebellio

689 1354 816 1406 tant'a
834 1354 1097 1406 violaverat
1108 1372 1164 1405 au
1172 1353 1309 1407 daci‘a
1332 1368 1352 1418 3

43 1436 101 1479 ut
119 1420 483 1477 vindicatricem
503 1419 747 1473 scelerum
770 1422 1031 1474 Nemesim
1061 1422 1122 1473 ad
1142 1422 1261 1476 bella
1273 1458 1290 1487 ³
1312 1422 1360 1475 ὃ(
1382 1427 1427 1474 in
1440 1421 1624 1494 flagella
1639 1416 1966 1488 provocarint.

241 1488 515 1541 Confilium
533 1492 679 1558 igitur
687 1489 1013 1560 quaerendum
1026 1488 1100 1542 vel
1114 1492 1331 1542 maxime
1351 1492 1531 1543 censuit
1548 1495 1591 1541 in
1604 1506 1741 1539 arena
1759 1501 1774 1541 τ

272 1555 376 1627 qud
393 1556 500 1610 coeli
515 1555 777 1626 aequiffime
786 1555 1018 1610 saevientis
1030 1563 1295 1627 potentiam
1306 1559 1501 1611 feliciter
1513 1556 1742 1610 eluderet.

443 1627 504 1682 Et
518 1621 634 1676 vero
645 1629 706 1677 eti
711 1644 794 1678 am
805 1629 976 1695 reperit
992 1627 1194 1679 minime
1208 1626 1575 1696 poenitendum:

500 1691 628 1745 dum
640 1692 700 1743 ad
710 1698 1000 1763 poenitentiae
1010 1698 1223 1746 cinerem
1233 1695 1518 1764 confugiens

640 1763 977 1814 Ninivitarum
988 1764 1132 1833 Regis
1144 1762 1370 1832 exemplo
1382 1800 1400 1827 ,

402 1827 594 1896 jejunia,
608 1828 658 1879 δε
669 1830 1018 1881 obsecrationes
1029 1829 1193 1881 indixit
1205 1831 1391 1899 populo
1402 1867 1419 1893 ,
1432 1829 1483 1882 ὃ(
1497 1830 1610 1897 sibi3

273 1895 589 1966 semetipsum
602 1896 858 1948 humilians
867 1897 957 1950 sub
969 1897 1089 1950 brac
1098 1898 1178 1948 hio
1192 1899 1427 1950 Numinis
1437 1899 1735 1966 praepotenti.

233 1969 349 2020 Uno
360 1967 577 2036 namque
591 1968 773 2034 pietatis
783 1964 924 2016 strata
965 1981 1124 2017 emate
1141 1965 1306 2019 invicti
1317 1970 1578 2018 vincuntur
1598 1965 1790 2034 Superi:

266 2052 396 2106 quos
410 2036 670 2102 impietatis
681 2032 864 2085 bellum
877 2033 927 2100 ju
975 2052 1058 2083 am
1071 2032 1131 2083 ad
1140 2032 1446 2085 iracundiam
1497 2036 1763 2086 rovocavit.
1842 2037 1844 2039 ’

126 2103 350 2172 Princeps
365 2104 402 2154 R
411 2120 434 2152 e
440 2106 520 2171 gni
533 2100 601 2151 sui
617 2116 971 2160 ornamentum
982 2097 1180 2152 honoris
1193 2102 1357 2153 Divini
1370 2052 1659 2154 exiKimavit
1670 2101 1895 2153 cultum:

290 2187 449 2242 quem
462 2167 693 2220 licentiosa
707 2184 915 2219 morum
928 2167 1082 2236 fuligo
1096 2172 1157 2219 ita
1171 2167 1441 2220 reddiderat
1454 2169 1730 2230 incultumf,

486 2252 542 2289 ut
552 2251 723 2311 praeter
734 2251 1047 2305 apparentem
1065 2239 1276 2289 nominis
1288 2237 1557 2305 umbram,

543 2304 741 2373 iulgoris
757 2303 826 2355 sui
842 2305 1092 2373 reliquum
1103 2303 1326 2356 habuerit
1338 2305 1470 2359 nihil.

170 2370 246 2429 ,Ad
259 2371 502 2440 pristinam
513 2375 658 2443 igitur
666 2372 883 2423 formam
903 2371 1136 2441 religionis
1148 2371 1384 2424 decorem
1398 2371 1583 2429 studuit
1601 2389 1856 2427 renovaret

234 2441 287 2493 <Sc
298 2479 315 2506 ,
325 2445 441 2512 quia
451 2458 573 2511 opus
586 2440 685 2491 hoc
705 2440 886 2509 grande
898 2438 958 2490 ad
975 2441 1201 2491 dextram
1210 2439 1420 2509 spectare
1431 2448 1569 2498 novit
1583 2441 1794 2503 Excelfi5

549 2509 733 2561 Concili
738 2527 764 2559 a
776 2512 1072 2560 convocavit
1086 2509 1379 2578 Episcoporu
1387 2530 1441 2562 m
1452 2549 1470 2575 ,

449 2595 545 2638 uos
559 2573 858 2645 peritiffimos
872 2577 1013 2644 hujus
1025 2579 1087 2628 rei
1106 2575 1311 2629 artifices
1325 2579 1600 2636 aestimavit.

285 2645 421 2700 Nihil
468 2645 513 2696 ic
526 2649 638 2700 novi
648 2646 735 2697 luo
747 2644 824 2696 vel
835 2643 1030 2698 arbitrio
1040 2644 1138 2708 ,vel
1153 2644 1331 2713 placito
1349 2648 1513 2700 sanciri
1530 2649 1707 2703 voluit:

123 2714 206 2771 sed
219 2730 378 2768 vetera
389 2714 593 2764 Pati-um
605 2713 777 2765 statuta
788 2717 834 2765 in
855 2717 1176 2766 recentiorem
1185 2717 1316 2783 petiit
1326 2715 1680 2771 observantiam
1691 2718 1908 2772 animari.

226 2785 263 2836 F
264 2779 418 2836 estam
433 2783 712 2834 Dominicae
724 2780 814 2833 diei
827 2783 987 2835 lucem
997 2781 1199 2852 sacrilegi
1210 2782 1384 2836 laboris
1395 2784 1553 2855 eclipfi
1570 2785 1816 2838 fuscatam

335 2855 379 2901 in
392 2847 618 2901 debitum
635 2849 839 2918 publicae
855 2855 1165 2903 venerationis
1177 2849 1362 2905 afferuit
1371 2852 1693 2922 splendorem.

168 2915 375 2970 Infames
389 2913 449 2969 ab
464 2916 705 2972 erroribus
717 2916 971 2987 disciplinas
980 2935 1074 2971 non
1087 2919 1148 2970 ad
1157 2935 1336 2972 vanam
1347 2922 1554 2974 oculoru
1562 2942 1614 2974 m
1624 2924 1830 2990 speciem
1840 2954 1861 2983 ‚

159 2985 242 3040 sed
253 3003 379 3040 cum
389 2983 633 3041 radicibus
648 3021 666 3050 ‚
676 3005 734 3057 ne
752 2987 976 3054 pullulare
989 2987 1213 3057 deinceps
1223 2986 1409 3057 pollent
1418 3024 1435 3058 ,
1446 2991 1616 3045 evulsit
1628 2992 1869 3061 sapienter.

652 3053 984 3125 Discrepantes
993 3056 1120 3118 Fidei
1129 3056 1280 3112 sectas
1290 3094 1309 3124 ,

1875 3134 1979 3176 tan..
