2075 3292
76 59 131 111 2'2
821 73 823 80 ⁴
869 48 1225 119 ἓέἓΞΧΟΧὲἱὲἓ

436 142 808 196 admirationem
818 145 1000 210 peperit
1011 179 1027 204 ,
1050 141 1101 192 δε
1119 144 1388 209 occupavit
1399 140 1626 200 affectus:

425 227 480 263 ut
495 210 823 280 pulcherrima
833 213 876 275 in
888 207 982 259 fide
998 210 1152 278 proles
1161 212 1208 260 in
1219 210 1382 261 lucem
1396 212 1633 268 ederetur.

542 280 618 330 Sic
629 281 766 328 viam
779 279 1003 329 Domino
1015 281 1192 346 paravit
1211 275 1547 342 Luidhardus3

339 348 404 400 sic
418 347 589 399 locum
601 345 650 396 δε
668 345 834 397 sedem
849 349 1010 414 gratiae
1021 347 1141 414 Regi
1152 344 1454 399 infundendae
1465 347 1712 418 disposuit:

272 432 329 470 ut
347 414 551 470 Sanetus
565 416 714 465 videri
733 417 962 481 inciperet
978 415 1283 464 ED1LBERTus
1297 449 1314 475 7
1338 417 1487 468 etiam
1502 421 1546 467 in
1565 420 1799 485 tenebris,

474 485 790 552 quantumvis
804 480 1205 532 nondumlumen
1218 485 1378 549 gratiae
1389 482 1616 553 adeptus:

585 563 641 600 ut
655 552 891 600 nimirum
914 565 1164 617 creperam
1179 548 1486 617 Phosphorus

561 619 681 667 inter
689 615 886 669 nebulas
900 620 1155 667 matutinas
1167 617 1328 667 lucem
1343 618 1522 671 vibrat:

501 682 721 754 adeoque
736 684 1012 736 Christianis
1024 684 1247 737 moribus
1259 687 1540 752 praeluderet
1551 716 1570 750 ‘a

487 751 568 804 etsi
580 750 807 803 nondum
821 767 1015 803 notatus
1028 752 1322 803 Charadtere
1333 751 1553 805 fidelium
1566 790 1585 817 ,

568 820 799 885 nondum
821 820 1037 876 Ecclefiae
1053 823 1249 888 gremio
1262 836 1507 889 receptus,

399 886 604 960 gratioso
620 902 781 938 tamen
793 886 992 938 decreto
1003 890 1237 939 Numinis
1247 888 1347 954 jam
1364 889 1693 944 Candidatus.

194 959 406 1027 lnquem
418 975 513 1007 non
528 954 728 1006 credidit
747 991 764 1017 ,
784 954 981 1022 suscepit
992 958 1036 1004 in
1049 956 1235 1024 Legatis
1253 955 1344 1006 suis
1357 957 1625 1026 Augustino
1638 957 1844 1009 &Sociis
1855 994 1872 1020 ,

557 1022 880 1090 Delegantem
903 1040 1149 1092 magnum
1165 1022 1266 1073 fore
1281 1039 1486 1093 arguens
1500 1063 1516 1088 ,
1884 1034 1887 1037 '

259 1096 345 1163 qui
355 1106 460 1144 tam
471 1091 621 1156 claros
640 1089 882 1160 miraculis
894 1127 911 1152 ⁷
924 1105 1028 1140 tam
1038 1102 1256 1158 'potentes
1272 1092 1425 1144 verbo
1442 1092 1492 1143 δε
1509 1109 1651 1161 opere
1662 1095 1790 1145 viros
1803 1129 1820 1156 ,

421 1159 553 1211 velut
565 1158 785 1209 Caelestes
796 1157 1040 1227 quosdam
1050 1157 1333 1211 submisillet
1345 1161 1620 1212 Mercurios
1632 1198 1650 1224 ,

576 1244 704 1277 nova
716 1226 889 1277 scilicet
903 1225 929 1275 e
945 1226 1084 1275 Caelis
1095 1226 1225 1277 bona
1239 1227 1478 1280 allaturos,

215 1295 418 1367 AEternae
429 1294 654 1346 felicitatis
663 1296 899 1345 nuncium
908 1296 1099 1359 excepit
1111 1292 1327 1362 gaudens
1338 1331 1355 1357 ,
1368 1293 1651 1348 &laudibus
1662 1293 1857 1358 extulit5

397 1400 401 1405 η
667 1363 748 1412 cui
762 1376 817 1412 ut
830 1360 991 1411 adhuc
1004 1360 1114 1412 tum
1127 1360 1362 1412 diffideret
1373 1399 1391 1425 ,

242 1429 269 1481 ἓ
278 1430 549 1497 Maioribus
560 1428 729 1480 hausta
740 1466 757 1491 ,
777 1427 1036 1498 amataque
1048 1429 1073 1480 ἃ
1090 1430 1258 1479 teneris
1273 1427 1540 1496 superstitio
1550 1428 1832 1497 imperabat.

402 1497 860 1566 Qemadmodum
873 1512 1073 1548 veterno
1085 1494 1219 1565 prelii
1229 1512 1391 1548 ortam
1401 1497 1487 1551 fibi
1498 1497 1667 1548 lucem

367 1567 448 1622 ob
455 1565 618 1619 dud'tis
628 1581 793 1616 arcent
804 1564 953 1615 valvis
972 1600 989 1629 .,
1008 1563 1137 1614 dum
1148 1568 1351 1615 omnino
1369 1564 1651 1617 revalelcant
1664 1600 1683 1628 ,

692 1633 742 1684 δί
753 1631 969 1683 firmiore
982 1632 1084 1684 visu
1110 1632 1369 1701 gaudeant.

345 1707 349 1710 ’
405 1704 526 1756 Non
541 1716 707 1753 tamen
719 1703 731 1752 i
737 1698 907 1751 dcirco
924 1698 1118 1751 infestus
1130 1700 1220 1751 aliis
1231 1698 1460 1767 eripiebat
1475 1699 1669 1764 lucem3

444 1774 563 1840 quin
574 1773 723 1820 etiam
735 1767 991 1820 adfavebat
1001 1804 1018 1830 7
1039 1787 1098 1818 ne
1111 1766 1297 1818 aliunde
1308 1767 1639 1835 impediretur.

200 1844 266 1897 lta
277 1841 463 1911 collegit
481 1842 641 1889 anxios
658 1837 863 1887 advenas
877 1835 1016 1888 Urbe
1025 1835 1107 1886 su‘a
1119 1835 1428 1887 Dor-oberni‘a
1447 1873 1464 1899 ‚
1482 1852 1609 1905 quos
1619 1830 1877 1885 nesciebat:

651 1904 700 1955 ἃ
712 1902 801 1956 sub
812 1922 871 1954 eo
883 1907 1076 1955 veritate
1089 1902 1268 1953 excidit
1285 1901 1424 1954 illud:

591 1973 747 2042 Ignoti
760 1971 882 2023 nulla
896 1970 1096 2039 Cupido
1109 2008 1126 2034 ³
1145 1970 1300 2021 nullus
1313 1988 1336 2019 a
1346 1988 1472 2025 mor.

331 2044 405 2097 Ut
418 2059 553 2094 novo
570 2038 908 2110 stratagemate
924 2056 1151 2090 amorem
1161 2037 1246 2090 fibi
1257 2042 1431 2088 veritas
1447 2037 1740 2090 conciliaret.

317 2162 319 2165 ,
334 2113 557 2164 Novum
569 2107 803 2177 equidem
812 2105 931 2158 vidit
949 2143 966 2168 ‚
987 2106 1036 2156 ὅ(
1047 2106 1254 2156 alienum
1265 2107 1532 2157 hominum
1554 2122 1706 2173 genus
1716 2142 1735 2173 ‚

471 2176 705 2228 favorum
721 2190 885 2226 tamen
897 2172 996 2224 sinu
1009 2172 1214 2245 benigne
1224 2173 1511 2240 complexus
1523 2173 1592 2223 est
1605 2186 1620 2227 t

435 2245 517 2298 etsi
531 2259 612 2294 aut
625 2241 841 2312 suspeo'ta
852 2285 864 2304 ,
880 2257 963 2293 aut
976 2241 1138 2292 odiosa
1149 2238 1238 2291 effe
1257 2238 1404 2291 solent
1420 2243 1584 2291 omnia
1598 2277 1619 2304 ,

481 2311 612 2382 apud
623 2311 820 2363 summa
832 2309 1031 2379 praeserti
1040 2327 1091 2358 m
1103 2311 1274 2376 Capita
1283 2307 1603 2377 Reipublicae3

670 2395 781 2448 quae
794 2380 936 2429 aliena
947 2374 1054 2428 sunt
1064 2413 1079 2438 ,
1091 2376 1167 2427 vel
1181 2374 1385 2429 aliunde.

118 2456 241 2511 Vitae
252 2445 716 2516 neceslariisprovisu
724 2465 775 2498 m
787 2446 867 2498 illis
877 2446 1034 2497 voluit
1046 2481 1062 2507 ,
1078 2460 1300 2514 quorum
1315 2442 1513 2496 Sectam
1530 2463 1627 2496 non
1647 2445 1960 2502 admittebat:

349 2514 693 2571 liberalillimus
707 2517 930 2583 Princeps
945 2551 962 2576 ,
979 2511 1183 2563 faecundi
1204 2514 1472 2582 gratiarum
1482 2513 1692 2583 pectoris
1706 2552 1725 2580 ,

669 2583 719 2634 δε
738 2579 1033 2652 ampliffimae
1045 2579 1415 2638 benevolentiae:

342 2654 468 2710 cum
476 2653 702 2707 nondum
718 2652 906 2703 Divinae
917 2646 1251 2702 munificentiae
1266 2646 1426 2700 laudes
1435 2645 1732 2718 percepiffet3

437 2742 525 2775 nec
535 2739 623 2792 pro
630 2716 765 2770 miffa
776 2716 1100 2773 beneficentiae
1117 2721 1314 2786 praemia
1330 2715 1579 2769 intellexiff
1571 2733 1633 2771 et.

328 2793 605 2845 Horrorem
615 2787 766 2839 facere
777 2803 1000 2857 poterant
1008 2789 1242 2855 peregrini
1256 2803 1419 2836 mores
1431 2823 1448 2848 ,
1469 2786 1519 2836 &
1532 2785 1750 2838 habitus:

480 2875 706 2910 amorem
719 2871 884 2907 tamen
895 2859 1043 2906 etiam
1058 2852 1260 2905 suaviter
1270 2854 1608 2905 conciliarunt:

547 2930 624 2977 uia
637 2929 683 2974 in
700 2939 918 2975 mentem
928 2921 1255 2975 candidiorem
1267 2920 1550 2975 inciderunt.

85 2999 207 3055 Non
216 2997 496 3067 solanempe
507 2943 768 3047 similitudo
782 2994 1023 3049 morum,'
1037 2988 1117 3042 sed
1138 2990 1187 3041 ὅ(
1210 2988 1536 3041 dissimilitudo
1554 3003 1712 3042 mater
1726 3003 1987 3044 amorum,

556 3059 754 3133 quando
768 3061 965 3128 Spiritus
979 3061 1159 3112 amoris
1168 3057 1296 3110 afflat
1304 3072 1510 3112 mentes·
1576 3078 1578 3080 ’
1893 3122 1944 3175 u

1946 3133 1987 3170 t-
