2075 3292
2067 34 2075 52 Q

840 79 964 150 Q)
973 78 1198 148 QX&
1918 89 1986 154 65

368 171 450 227 sed
464 169 617 239 major
626 167 736 222 inde
744 171 903 238 portio
921 167 991 219 est
1009 181 1275 219 MAGNIFICA
1286 167 1671 232 BENEFICENTJAz

68 260 178 320 quae
187 240 501 299 subditorum
514 237 702 304 animos
712 273 730 301 .,
751 236 917 287 natur'a
937 251 1106 287 caetera
1119 231 1388 288 liberrimos
1398 277 1413 295 ‚
1441 240 1595 294 reddit
1607 243 1691 296 libi
1702 244 1976 317 ve&igale3.

523 305 664 360 Cum
677 305 836 373 itaque
851 303 943 354 suis
953 301 1254 371 impenderet
1263 301 1308 353 se
1327 319 1494 357 totum
1505 341 1517 360 ,

457 376 639 446 suaque
650 369 855 443 prodiga
867 372 985 439 pene
996 368 1271 424 liberalitate
1289 374 1579 440 expenderet

300 452 412 505 Rex
424 448 642 515 optimus
653 479 671 504 ‚
692 442 741 492 δί
752 438 926 492 {anctae
941 439 1354 490 MAGNIFICENTIAE
1364 441 1738 512 addicitissimus3

565 508 858 579 Religiosam
869 504 1070 578 quoque
1084 508 1424 575 Paupertatem
1434 544 1453 572 ,

632 593 743 648 quae
756 574 1153 643 &seipsamfacile
1163 576 1288 645 negli
1326 577 1359 626 it
1373 612 1391 637 a

550 686 554 690 -
578 663 676 698 non
687 644 755 697 est
765 638 1150 712 paffusincedere-
1162 592 1441 695 mendgicam
1455 678 1473 706 ,

783 708 903 763 ultra
916 725 1070 762 metas
1081 709 1295 766 instituti.

275 781 510 835 Extrutsta
528 781 678 852 igitur
689 778 749 832 ab
763 777 854 830 aliis
866 777 1112 830 Coenobia
1125 778 1348 831 censibus
1358 777 1544 830 dotavit
1560 782 1728 832 annuis
1741 815 1760 846 ,

654 848 818 899 dotata
831 846 1088 898 'vero-auxit
1105 845 1364 910 reditibns3

626 978 629 980 ,
650 931 750 967 non
762 915 823 964 ad
833 911 1324 965 necestitatemiolum
1338 949 1356 974 ι,

487 982 568 1036 sed
580 981 638 1034 ad
651 982 838 1034 delicias
848 980 934 1053 ustj
942 1000 1002 1032 ue
1015 979 1169 1032 ordini
1188 982 1542 1034 convenientes·

387 1053 487 1121 Ipse
498 1053 704 1121 plurima
716 1087 732 1114 ‚
745 1050 947 1120 profulis
958 1049 1091 1117 quasi
1105 1047 1363 1101 visceribus
1373 1050 1608 1099 charitatis
1619 1084 1637 1111 ‚

375 1122 450 1173 vel
461 1121 485 1171 ἐ
496 1118 751 1172 ruderibus
762 1120 987 1169 excitavit
998 1154 1014 1179 ,
1039 1117 1112 1169 vel
1125 1118 1150 1167 ‘a
1160 1116 1485 1168 fundamentis
1500 1122 1672 1167 erexit:

263 1189 446 1258 quibus
457 1193 596 1258 'regiae
605 1185 810 1239 fortunae
821 1182 1119 1256 opulentiam
1129 1181 1285 1235 exaffe
1296 1183 1410 1236 fecit
1421 1183 1740 1238 triburariam.

571 1254 805 1325 Adeoque
815 1254 944 1306 sacro
959 1250 1161 1305 Davidis
1176 1254 1298 1303 Zelo
1310 1252 1479 1304 ardens

198 1322 352 1374 etiam
363 1338 632 1401 pauperem
641 1328 687 1373 in
700 1327 830 1374 terris
845 1323 1017 1373 Deum
1027 1338 1116 1389 pro
1126 1321 1311 1372 viribus
1330 1319 1620 1389 locupletare
1634 1318 1833 1375 studuit.

410 1392 581 1459 quue
593 1389 752 1441 studio
762 1389 1075 1441 habitationes
1086 1387 1296 1438 totidem
1308 1389 1364 1438 illi
1376 1386 1619 1447 condidit3

160 1468 409 1526 quotquot
422 1456 703 1527 magnificas
713 1460 924 1509 e’xtruxit
935 1455 1144 1508 Basilicas
1163 1456 1391 1507 MAGNff'l
1402 1472 1583 1506 cennas
1592 1455 1687 1506 suae
1698 1455 1862 1510 testes:

224 1523 396 1593 easque
414 1543 510 1576 non
519 1521 712 1577 tantum
721 1525 1006 1592 sumptuoso
1018 1523 1200 1575 aedincii
1210 1522 1333 1592 splen
1340 1525 1456 1574 dore
1470 1521 1771 1575 admirandas
1781 1561 1800 1585 ⁷

188 1589 266 1642 sed
283 1592 486 1658 pretioso
497 1597 558 1645 eti
564 1609 646 1644 am
657 1593 801 1644 sacrae
811 1591 1051 1662 supelleffi
1057 1592 1106 1643 lis
1116 1607 1289 1642 ornatu
1303 1589 1377 1643 vel
1388 1591 1533 1647 Coelo
1545 1589 1838 1645 invidendas.

262 1660 930 1730 OmnesRegnithesaurosin
946 1662 1196 1712 Divorum
1213 1660 1472 1711 Domicilia
1487 1659 1742 1727 prodigere
1754 1696 1772 1721 .,

57 1738 156 1775 non
167 1725 339 1777 luxum
353 1729 532 1780 censuit
544 1728 815 1798 prodigum
827 1763 843 1792 ‚
853 1728 933 1780 sed
943 1728 1135 1780 sacrum
1145 1728 1312 1798 regalis
1331 1728 1746 1779 MAGNlFICENTIAE
1758 1727 1897 1779 lucru
1906 1728 1977 1783 ηις

236 1795 616 1848 Aliamnominis
633 1798 1056 1848 immortalitatem
1073 1800 1158 1847 vix
1175 1796 1323 1847 ullam
1342 1794 1560 1864 quaesivit
1579 1791 1786 1859 avidius3

1 1922 5 1926 ἡ
99 1859 256 1927 quam
270 1861 518 1930 hospitales
532 1902 548 1926 ‚
560 1858 736 1933 easque
747 1864 865 1934 pluri
875 1882 976 1916 mas
987 1879 1164 1915 aeterno
1179 1865 1390 1915 Numini
1407 1861 1632 1913 Ecclefias
1646 1862 1939 1916 construere.

55 1924 236 1980 Unum
249 1929 346 1981 hoc
358 1931 478 1998 glori
483 1949 519 1982 ae
531 1933 623 1983 suae
637 1949 788 1984 monu
797 1947 1025 1983 mentum
1041 1927 1273 1999 superesse
1283 1931 1441 1982 voluit
1460 1932 1545 1982 Ma
1552 1926 1938 1997 gnificentiffimfi
1954 1965 1975 1995 ,

386 1999 525 2069 quod
541 1998 831 2067 ampliffimo
845 1998 1103 2050 Christum
1119 2002 1414 2067 patrimonio
1434 1997 1631 2051 dit'afl'et.

287 2067 554 2119 Summam
565 2067 772 2136 denique
782 2070 922 2134 regiae
933 2066 978 2116 di
1018 2067 1175 2117 nitatis
1185 2082 1430 2134 pompam
1445 2065 1761 2129 existimavit,

581 2138 629 2185 in
640 2139 760 2187 vivis
772 2085 1172 2186 haeredesffiabere
1187 2135 1419 2202 Superos;

499 2200 776 2271 eorumque
792 2201 928 2253 cultu
941 2205 1199 2271 regniopes
1211 2202 1477 2270 exhaurire.

293 2267 388 2322 Sed
400 2269 539 2321 Deus
548 2308 560 2327 ‚
574 2273 658 2340 qui
669 2271 938 2321 hominum
948 2272 1076 2338 vinci
1096 2268 1139 2320 se
1148 2286 1247 2320 non
1259 2273 1434 2337 patitur
1445 2267 1714 2321 liberalitate
1726 2305 1744 2334 ,

391 2337 518 2389 visus
530 2336 598 2389 est
607 2354 670 2388 cu
677 2353 730 2389 m
746 2336 1048 2389 GuNTRAMo
1061 2339 1246 2387 mutuis
1255 2351 1433 2387 certare
1445 2336 1641 2388 officiis:

364 2404 564 2475 quando
576 2404 834 2457 dormienti
847 2401 1186 2474 prodigiosum
1196 2407 1208 2454 i
1216 2401 1397 2455 mmifit
1408 2407 1655 2456 somnium
1666 2425 1682 2468 3

224 2470 386 2536 Cujus
396 2476 576 2526 intento
589 2472 725 2525 velut
735 2472 889 2542 digito
905 2470 1205 2538 locusabditi
1217 2470 1421 2524 thesauri
1440 2471 1812 2526 monstrabatur.

232 2604 235 2606 .
281 2540 360 2591 Ne
375 2539 489 2592 vero
500 2542 724 2611 evigilans
734 2536 925 2594 illusum
934 2537 1022 2593 fibi
1034 2538 1251 2592 crederet
1261 2538 1288 2591 ‘a
1302 2539 1445 2591 mend
1453 2544 1523 2590 aci
1535 2540 1711 2591 somno
1723 2556 1744 2603 5

128 2605 385 2660 oculatum
394 2609 581 2661 visionis
591 2614 900 2679 interpretem
913 2608 1082 2662 habuit
1099 2612 1404 2678 armigerum
1416 2611 1461 2659 in
1479 2606 1602 2659 filvis
1613 2606 1902 2660 affidentem.

654 2677 750 2730 Hic
764 2679 894 2749 Argo
907 2673 1306 2744 circumspectior
1316 2711 1334 2739 a
1348 2713 1351 2716 -

456 2742 673 2814 cumpro
686 2748 910 2798 Domino
921 2746 1124 2798 solicitas
1133 2744 1290 2798 obiret
1302 2739 1534 2796 excubias
1545 2782 1560 2803 ,

446 2828 654 2881 parvam
664 2851 681 2876 ,
692 2831 785 2866 nec
796 2814 950 2866 visam
966 2809 1140 2883 hasten
1148 2830 1199 2864 us
1209 2810 1589 2884 quadrupedem

504 2898 564 2932 ex
573 2880 852 2934 dormientis
863 2901 947 2933 ore
960 2884 1163 2934 Domini
1175 2877 1368 2950 prodire
1380 2882 1526 2933 vidit:

411 2965 520 3020 quae
536 2952 579 2999 in
598 2953 811 3003 vicinam
819 2954 1019 3019 rupium
1032 2965 1298 3002 cavernam
1315 2963 1600 3018 properam,

487 3017 584 3068 fida
603 3016 1024 3071 latitantisthesauri
1040 3016 1276 3086 proditrix
1294 3014 1547 3069 antecellit.

148 3082 474 3138 Gunrssfflus
483 3084 678 3139 excuffa
690 3085 919 3140 sensuum
937 3085 1179 3156 compede
1191 3122 1210 3151 ,
1229 3084 1481 3139 historiam
1497 3074 1631 3135 fuiffe
1642 3081 1893 3146 intellexit3

982 3154 1028 3207 R
1834 3144 1978 3220 quod
