2055 3292
821 24 1180 97 QKOXQ
1368 102 1371 103 ⁷
1452 103 1469 107 „
1863 35 1916 88 9³

637 117 871 187 aequitatis
880 116 989 166 luce
1000 112 1306 185 propulfilvit'.
1531 115 1536 123 “

456 181 599 237 Unde
610 182 748 236 bonis
758 182 964 252 quidem
975 184 1208 236 omnibus
1221 184 1395 235 charus
1412 219 1429 246 7

471 250 634 323 neq'ue
643 252 723 302 ulli
736 266 818 302 aut
830 257 984 320 gravis
995 286 1012 313 7
1033 267 1113 301 aut
1126 250 1353 302 molestus
1363 251 1477 303 fuit:

289 317 371 369 nisi
381 319 466 372 ubi
476 320 549 372 vel
566 318 738 385 justitia
748 318 862 370 odio
871 354 888 380 7
907 319 981 370 vel
993 317 1177 386 probro
1192 322 1238 370 vi
1243 332 1341 369 rtus
1353 318 1636 374 habebatur.

517 387 590 438 Ad
601 387 745 438 illatas
759 386 843 439 fibi
857 384 1057 436 offensas
1069 385 1193 437 irasci
1204 384 1382 437 nescius
1394 423 1411 447 7

505 452 725 506 adversus
737 453 920 520 injurias
932 455 1044 505 Deo
1054 457 1284 522 irrogatas
1298 471 1405 504 acer
1418 492 1434 516 7

76 515 186 569 alios
198 517 350 588 &ipse
360 537 457 572 non
469 527 670 592 agnovit
692 523 845 573 hostes
857 536 876 582 3
895 521 975 572 nifi
994 537 1121 590 quos
1137 524 1275 572 Deus
1291 523 1339 572 ὅ(
1352 521 1456 586 jusr
1467 537 1568 572 1T1A
1579 520 1882 573 aversaretur„

570 592 698 642 Hinc
707 607 761 641 ut
776 589 962 656 justum
981 589 1184 640 timuere
1197 589 1392 659 finguli3
1468 598 1470 600 ’

338 655 519 725 quibus
529 673 584 708 ut
591 657 664 722 jus
675 659 722 708 &
738 657 804 708 fas
815 695 832 719 7
846 661 908 708 ita
925 657 973 707 &
987 660 1193 708 Numen
1205 673 1302 708 erat
1312 659 1631 725 contemptui.

501 727 611 777 Ne=c
627 729 765 793 pauci
777 725 837 776 acl
849 726 1043 775 meliora
1056 729 1263 775 revocati
1274 726 1467 792 sapuere
1482 744 1497 789 3

514 793 696 861 quibus
713 797 907 863 aequitas
917 809 1013 842 non
1023 791 1228 859 sapiebat
1246 793 1431 843 vindex.

0 907 1 918 γ
109 852 381 914 Itaeadem,
401 872 512 927 quae
530 865 694 911 terrori
712 860 971 929 improbis7
986 859 1054 909 est
1070 876 1359 910 ornamento
1374 859 1593 927 Regibus
1602 855 1830 925 jusTmA:

0 925 2 979 l
409 931 577 978 timere
588 930 761 990 nescia7
782 927 962 998 quibus
972 931 1003 978 ti
1014 925 1187 978 menda
1199 926 1253 977 fit
1271 967 1285 986 ,
1301 927 1514 978 monstra
1526 964 1541 988 7

0 997 3 1005 “
215 988 431 1044 suaefacit
448 1013 802 1063 argumentum
814 997 974 1064 gloriae
986 1032 1001 1057 7
1023 993 1262 1064 quidquid
1272 995 1557 1047 ol31u6'tatur
1571 995 1752 1045 virtuti.

302 1059 376 1109 Ad
391 1062 510 1111 hanc
523 1062 565 1114 se
582 1065 996 1115 manutenendam
1008 1063 1264 1114 videbatur
1276 1062 1439 1131 faepius
1450 1056 1672 1113 animaist
1728 1067 1732 1072 ’

0 1115 5 1168 l
188 1123 360 1178 celebri
370 1127 445 1178 illo
459 1131 651 1182 Plutarc
661 1133 705 1182 hi
715 1130 862 1184 effato
873 1168 889 1193 7
910 1131 1191 1198 experientia
1207 1129 1410 1200 quoque
1424 1128 1778 1197 comprobato:

115 1190 313 1261 Absq'ue
323 1193 490 1258 justitia
499 1203 819 1267 principatum
830 1217 993 1267 gerere
1004 1207 1280 1267 necJovem
1292 1197 1439 1267 quide
1448 1218 1498 1249 m
1511 1197 1669 1263 ipsum
1689 1188 1834 1263 posse.

34 1255 215 1330 Neque
226 1262 341 1312 vero
352 1265 623 1331 ignorabat,
634 1266 770 1336 quod
781 1266 968 1316 divinus
979 1266 1098 1316 olim
1111 1268 1172 1317 So
1177 1267 1396 1332 phorum
1410 1268 1480 1317 Pri
1488 1285 1553 1316 mi
1557 1263 1678 1332 pilus
1690 1264 1938 1315 docuerat:

528 1338 806 1402 aequitatem
817 1331 1133 1401 prosperitatis
1144 1331 1232 1382 elle
1242 1334 1370 1384 fonte
1380 1346 1461 1395 m5

538 1417 642 1470 quo
654 1401 731 1451 nifi
745 1400 1013 1469 respublica
1024 1398 1197 1450 allidue
1207 1404 1426 1470 irrigetur
1437 1438 1454 1462 7

317 1481 409 1516 non
421 1467 609 1517 tantum
618 1486 715 1518 non
730 1469 898 1520 florere
909 1507 922 1528 ‚
946 1468 1025 1519 led
1045 1486 1102 1518 ne
1120 1472 1272 1519 virere
1283 1467 1488 1537 quidem
1497 1463 1647 1536 poffit.

274 1530 622 1601 HocJusrmffi
637 1536 825 1605 reliquis
843 1540 990 1588 animi
1002 1534 1199 1587 dotibus
1212 1536 1498 1587 adhaerentis
1517 1549 1681 1587 tenore

480 1607 626 1653 etiam
639 1604 758 1654 ultra
773 1607 1099 1654 humanarum
1115 1619 1264 1653 metas
1282 1608 1463 1655 virium

441 1669 757 1721 vistoriarum
778 1669 977 1722 cursum
989 1668 1243 1721 extendiffe
1258 1671 1541 1723 videbatur:

393 1734 519 1787 dum
536 1739 702 1788 Danos
715 1756 812 1789 non
827 1754 929 1790 tam
939 1739 1150 1804 potentia
1164 1776 1180 1800 7
1192 1739 1349 1806 quam
1361 1741 1573 1804 JusTITIA
1583 1776 1600 1800 7

398 1803 617 1876 adeoque
629 1822 724 1856 non
739 1823 884 1875 grave
896 1842 912 1867 7
933 1804 1013 1856 fied
1026 1804 1169 1856 suave
1179 1805 1267 1858 sub
1280 1806 1458 1875 jugum
1473 1806 1614 1858 misit.

260 1870 411 1924 vCum
427 1872 541 1926 vero
553 1873 578 1923 εἴ
600 1875 851 1923 Sueonum
876 1875 1008 1941 Rege
1028 1909 1045 1934 7
1065 1873 1244 1922 fortiori
1255 1874 1397 1940 longe
1411 1871 1708 1938 adversarie,

616 1938 939 2008 consumptus
950 1939 1082 2007 quafi
1098 1955 1344 2007 putaretur
1354 1953 1373 2000 5

407 2020 604 2057 exortus
616 2007 682 2058 est
692 2023 745 2057 ut
759 2006 947 2058 Lucifer
961 2012 1078 2057 inter
1095 2007 1290 2059 nebulas
1306 2005 1560 2074 gloriosust

293 2074 493 2143 quando
501 2092 562 2123 ex
573 2074 709 2126 aroto
723 2092 867 2124 maris
880 2074 980 2124 sinu
1002 2109 1018 2135 7
1039 2091 1081 2123 in
1104 2090 1208 2143 quo
1227 2075 1478 2126 conclusus
1492 2073 1714 2138 haeserat,

662 2141 949 2192 formosiore
968 2142 1105 2192 vultu
1117 2141 1329 2195 emersit:

335 2208 597 2277 multisque
609 2208 822 2278 fulgidus
835 2208 1075 2260 manubiis
1085 2212 1130 2258 in
1144 2208 1297 2258 littore
1314 2210 1488 2260 Norve
1527 2211 1633 2259 iano
1646 2246 1666 2271 7

354 2280 589 2330 omnium
599 2281 850 2329 bonorum
861 2273 1084 2345 applausu
1095 2274 1218 2326 vifils
1230 2275 1298 2326 est
1307 2273 1482 2344 resplen
1520 2272 1644 2327 uisse.

603 2345 694 2396 Sed
711 2345 761 2395 &
773 2344 945 2395 auibus
960 2344 1042 2393 iste
1053 2343 1282 2411 Splendor
1296 2342 1403 2399 fuit,

295 2409 419 2462 cum
428 2428 534 2480 pars
546 2430 724 2481 magna
737 2411 954 2463 hostium
967 2408 1060 2462 suae
1072 2426 1229 2479 portas
1240 2410 1371 2462 urbis
1381 2409 1473 2480 ipsa
1489 2407 1678 2463 reclufit
1689 2444 1706 2474 7

469 2480 727 2532 feliciorem
737 2480 781 2531 se
799 2518 814 2536 ,
837 2481 891 2532 &
902 2478 1029 2531 redite
1039 2477 1245 2547 quidem
1254 2517 1265 2535 ,
1282 2478 1385 2530 fore
1395 2494 1493 2529 rata
1502 2497 1516 2525 s

640 2548 674 2599 fi
692 2564 797 2600 tam
814 2547 942 2614 justo
953 2548 1002 2598 δε
1013 2563 1153 2616 aequo
1166 2548 1314 2598 Princi
1320 2550 1365 2613 pi

241 2620 292 2672 δε
303 2619 450 2670 animi
457 2614 652 2687 regendi
663 2617 804 2685 adyta
817 2652 834 2678 7
854 2613 1009 2666 refixis
1019 2618 1334 2666 contumaciae
1344 2613 1451 2664 seris
1465 2648 1483 2675 7
1501 2610 1752 2680 panderet:

372 2700 547 2754 utpote
560 2683 765 2750 majores
775 2684 896 2734 illico
907 2720 924 2746 7
941 2680 1304 2751 sacratior'esque
1317 2697 1457 2750 gazas
1466 2680 1668 2733 illatum.

368 2755 585 2822 Regium
598 2759 643 2810 G
651 2755 890 2804 othorum
900 2751 1063 2820 Caput
1075 2749 1351 2801 adferienda
1362 2752 1489 2818 pacis
1498 2746 1683 2799 foedera

327 2839 429 2874 non
448 2823 549 2889 jam
560 2822 720 2891 adegit
733 2821 879 2871 armis
890 2857 907 2881 7
921 2818 1001 2870 sed
1011 2819 1221 2883 jusrrrlffi
1240 2818 1424 2886 pellexit
1435 2815 1677 2883 exemplo·

377 2890 538 2943 Habet
551 2894 682 2941 enim
699 2889 796 2938 hoc
812 2891 1058 2958 regiarum
1069 2887 1170 2937 haec
1184 2889 1427 2936 virtutum
1439 2885 1640 2953 Regina:

127 2979 184 3017 ut
194 2960 513 3014 hostes'etiam
523 2957 632 3012 suos
641 2959 715 3013 vel
726 2956 811 3009 fibi
823 2955 1056 3074 dgvinciacti
1076 2953 1286 3039 volentes
1297 2990 1314 3017 7
1335 2952 1408 3006 vel
1425 2950 1649 3004 devincat
1664 2949 1886 3003 nolentes·

760 3026 843 3078 Un
881 3042 906 3075 e
915 3039 1014 3075 non
1058 3022 1216 3075 efuere
1225 3058 1242 3086 7

960 3091 1001 3146 A
1029 3108 1056 3144 a
1884 3087 1970 3157 qui

0 1051 3 1093 i

0 1097 3 1104 r

0 1106 1 1113 l
