2075 3292
71 74 137 138 64
883 47 1247 118 ffiXoXQ

232 147 554 210 Utiliffimum
566 155 746 211 nempe
758 155 912 210 genus
923 140 1270 201 Oeconomiae7
1282 137 1479 208 largum
1488 137 1578 194 effe
1594 146 1636 194 in
1649 163 1851 216 egenos:

483 276 485 279 ι
660 209 842 281 quibus
851 206 952 275 quo
962 207 1067 275 plus
1079 206 1374 274 impenditur
1384 241 1402 270 7

192 293 250 346 eo
263 282 576 357 amplioribus
589 275 1009 349 gazophylacium
1021 273 1352 347 domesticum
1365 274 1570 329 fortunis
1585 281 1881 336 cumulatur.

437 354 502 403 lta
512 352 644 400 enim
653 344 735 398 sua
746 341 968 396 benefico
978 342 1242 393 refunditur
1257 342 1586 397 munificentia
1600 369 1614 412 5

398 418 651 484 utsemper
663 451 679 476 7
697 410 835 482 quod
847 408 978 461 dedit
991 447 1008 474 7
1029 409 1083 460 sit
1102 429 1160 462 eo
1173 413 1362 473 minus-7
1382 414 1518 481 quod
1530 419 1712 484 recipit.

207 527 211 531 ι
249 484 710 559 Qemadmodum
724 482 855 531 enim
874 478 1075 528 flumina
1096 495 1272 547 magna
1284 515 1301 541 7
1321 477 1384 530 fic
1399 481 1574 550 &opes
1586 485 1827 537 crescunt:

178 560 433 631 magisque
446 556 488 606 se
503 591 520 615 7
533 571 585 602 ac
606 547 779 617 largitis
792 543 1108 596 diffundendo
1124 546 1314 597 dilatant
1325 547 1520 599 alveum
1534 582 1550 612 7
1572 550 1622 602 ὃς
1634 551 1899 606 abundant*

81 636 210 689 Hinc
231 631 290 683 ad
302 644 424 680 eum
443 638 616 674 omnes
627 632 861 685 tanquam
880 614 938 688 ad
951 611 1171 665 beneficu
1180 633 1232 664 m
1243 651 1260 677 7
1272 613 1540 687 faustiimq5
1551 618 1678 670 fidus
1690 619 1995 672 advolabant:

578 750 581 751 ⁷
664 701 755 736 nec
768 682 890 734 ullus
903 682 1038 732 facile
1049 680 1284 749 repulsam
1296 683 1398 734 tulit
1411 704 1424 743 3

511 755 591 806 nisi
606 757 689 823 qui
701 769 950 802 accurrere
968 750 1118 800 noluit
1134 788 1149 809 ,
1168 765 1247 799 aut
1265 747 1416 818 segnis
1427 750 1526 803 fuit.

442 824 554 878 Im&
571 821 735 891 saepius
751 838 849 870 non
862 834 1027 889 rogata
1038 817 1369 870 exuberabant
1381 818 1610 871 beneficia
1627 839 1638 872 ε

273 896 411 971 quod
421 894 677 961 indignam
688 891 903 956 Principe
920 889 1215 937 MAGNffico
1225 886 1430 937 censeret
1445 887 1799 953 liberalitatem3

555 976 710 1027 quam
722 952 906 1005 necelle
920 954 974 1004 lit
984 954 1211 1021 precibus
1221 970 1527 1023 extorquere.

475 1030 621 1103 Regis
633 1062 649 1085 7
670 1023 718 1074 &
735 1021 995 1075 Solisidem
1007 1021 1237 1072 credebat
1251 1020 1339 1071 elie
1354 1022 1590 1076 officiuim.

324 1097 577 1169 Siquidem
592 1093 672 1143 iste
685 1089 890 1161 quidem
901 1088 946 1140 se
957 1127 974 1151 7
986 1092 1133 1139 etiam
1144 1108 1241 1162 non
1253 1090 1558 1156 poscentibus
1571 1091 1740 1156 offert5

193 1171 261 1224 ille
272 1168 387 1221 vero
398 1184 491 1216 non
508 1165 778 1231 petentium
789 1157 988 1226 quoque
1005 1156 1357 1209 necellitatibus
1369 1158 1615 1210 conibevit
1627 1161 1891 1212 subvenire.

349 1236 538 1288 Amittit
558 1233 688 1280 enim
700 1225 988 1296 plerfimque
1003 1223 1218 1277 beneficii
1230 1243 1411 1274 nomen
1422 1226 1718 1277 beneficium
1730 1250 1744 1291 5

212 1294 217 1300 ”
262 1305 342 1356 nili
353 1302 516 1372 sponte
530 1336 546 1360 7
565 1298 613 1347 ὃ(
626 1292 834 1363 impulsu
846 1295 1041 1361 proprio
1059 1296 1101 1342 in
1117 1292 1323 1342 aliorum
1333 1296 1544 1343 incurrat
1560 1297 1808 1364 amplexus
1819 1317 1836 1361 5

553 1380 794 1432 tanquam
808 1365 852 1411 in
865 1376 1089 1423 centrum
1102 1363 1244 1410 animi
1256 1359 1543 1414 liberalioris.

660 1433 865 1482 Portum
878 1424 1058 1479 dixisses
1078 1428 1445 1479 GUNTRAMUM:

294 1511 340 1558 in
351 1522 456 1576 quo
477 1497 754 1552 fluctuantia
771 1496 1062 1547 miserorum
1078 1512 1194 1546 vota
1219 1532 1235 1556 7
1255 1494 1415 1546 secure
1436 1498 1802 1565 conquiescant5

503 1569 552 1619 &
565 1572 610 1619 in
621 1566 883 1617 fortunatas
901 1561 1388 1634 quandoquesolvant
1400 1561 1584 1616 Insulas,

604 1636 809 1686 Fontem
829 1628 1096 1683 credidisses
1113 1627 1203 1681 effe
1224 1629 1512 1698 publicum:

307 1710 391 1778 qui
412 1708 644 1757 omnium
655 1703 722 1753 siti
734 1701 923 1768 semper
933 1739 943 1757 ‚
967 1699 1016 1750 ὅ(
1030 1699 1175 1768 gratis
1185 1713 1375 1767 paratus
1384 1697 1525 1748 fuerit
1535 1696 1788 1751 subvenire
1804 1716 1817 1752 t

318 1774 534 1827 vel‘certe
545 1771 768 1822 canalem
785 1767 1003 1836 pluribus
1021 1770 1119 1817 Dar
1131 1765 1266 1816 donis
1276 1765 1453 1835 jugiter
1469 1783 1749 1819 manantem
1763 1783 1784 1830 3

542 1844 590 1890 in
599 1855 703 1906 quo
714 1873 730 1899 7
753 1851 998 1905 quantum
1019 1833 1174 1886 affluit
1186 1870 1203 1894 7
1223 1848 1414 1884 tantum
1424 1831 1577 1883 effluit
1592 1852 1604 1884 ε

495 1923 552 1958 ut
561 1907 635 1958 vel
652 1906 743 1955 hac
757 1918 852 1953 arte
873 1901 1152 1970 accipientes
1172 1900 1432 1970 jungantur
1446 1901 1587 1950 danti.

448 1975 561 2028 Ideo
572 2011 590 2037 7
601 1972 742 2044 quod
752 1973 922 2041 privati
933 1985 1031 2020 erat
1042 1970 1171 2020 Laris
1182 2006 1198 2029 7
1221 1968 1396 2036 publici
1407 1966 1522 2018 fecit
1531 1967 1668 2033 juris:

503 2061 603 2094 non
613 2047 807 2111 ignarus
820 2076 836 2101 7
852 2056 1025 2088 arcanu
1035 2056 1086 2087 m
1098 2034 1187 2086 effe
1204 2051 1268 2086 ex
1311 2040 1443 2085 rimis
1453 2053 1614 2086 unum

560 2108 764 2160 fortunae
776 2122 1016 2157 votorum
1028 2103 1269 2154 anchorai
1294 2101 1537 2160 abiliendae
1557 2117 1571 2155 ξ

269 2202 380 2237 eam
391 2179 548 2252 quam
566 2177 783 2246 plurimis
796 2189 1134 2225 communem
1145 2171 1320 2221 secum
1338 2170 1491 2220 facere
1504 2208 1518 2226 ‚
1576 2167 1710 2221 uoad
1728 2169 1855 2222 licet.

278 2248 425 2305 Unde
438 2249 487 2298 ὅ(
499 2244 745 2297 sordidam
759 2246 805 2293 in
816 2243 1031 2308 Principe
1046 2238 1351 2290 existimabat
1364 2234 1453 2288 elle
1465 2255 1549 2304 par
1569 2241 1842 2304 lmoniam7·

626 2311 659 2362 fi
672 2311 778 2362 seris
788 2309 986 2360 frenatas
1003 2303 1250 2356 asservaret
1267 2321 1384 2371 opes
1395 2310 1480 2370 ita,-

586 2395 641 2430 ut
651 2379 735 2431 fibi
747 2376 937 2428 tannim
949 2375 1152 2426 serviant
1162 2409 1178 2435 7
1194 2389 1274 2425 aut
1283 2373 1406 2424 forte
1415 2372 1540 2424 nulli.

208 2451 408 2509 Alliduis
422 2448 762 2505 munificentiae
773 2449 841 2496 im
846 2461 936 2514 pen
943 2442 1027 2494 diis
1037 2440 1242 2492 distinxit
1260 2443 1361 2508 ejus
1373 2442 1778 2494 MAGNJmcEN-rla
1787 2439 1914 2504 dies:

535 2537 594 2571 ne
612 2513 759 2567 otiosa
769 2513 921 2564 forsan
931 2511 1022 2562 ulla
1040 2508 1307 2561 elaberetur
1324 2507 1417 2558 fine
1435 2509 1576 2559 lineat

555 2598 725 2652 utpote
736 2599 893 2652 quam
903 2577 1142 2647 perditam
1153 2573 1286 2628 fuilie
1298 2574 1576 2631 credidiffet.

613 2653 746 2704 Hinc
760 2649 881 2701 clim
892 2648 1050 2700 felices
1059 2644 1235 2697 faceret
1249 2645 1484 2715 plurimos
1495 2681 1513 2708 7

484 2724 763 2777 felicitatem
782 2717 874 2786 ipse
886 2715 1249 2783 suamaugebat
1260 2717 1304 2764 in
1316 2712 1638 2769 immensum.

564 2792 613 2844 N
622 2807 701 2839 am
714 2786 914 2838 summ-a
923 2785 1066 2853 Regis
1074 2781 1264 2833 felicitas
1274 2781 1365 2832 dici
1376 2781 1561 2851 potest,

623 2849 826 2926 sparfille
838 2851 1072 2905 beneficia
1083 2867 1264 2920 magno
1275 2867 1502 2901 numero.

538 2928 610 2978 Ex
623 2924 804 2993 quibus
814 2924 1049 2971 nimirum
1061 2958 1074 2978 ,
1093 2918 1223 2969 velut
1233 2918 1258 2967 ἐ
1268 2916 1444 2969 femine
1457 2916 1606 2982 jacke,

484 2988 491 2993 ’ἢ
514 2995 766 3046 uberrima
778 2987 936 3059 gloriae
946 3025 962 3050 7
983 2988 1035 3038 &
1044 3005 1208 3038 rerum
1219 2983 1352 3054 seges
1361 2983 1481 3037 nasci
1493 2984 1621 3039 solet„

244 3074 304 3128 Et
315 3064 433 3141 vero
442 3065 626 3136 quaevis
637 3063 789 3116 virtus
801 3059 1022 3126 Principis
1032 3054 1099 3108 est
1116 3054 1273 3126 aliqua
1287 3056 1581 3124 participatio
1594 3055 1865 3116 Divinitatis
1878 3068 1894 3115 ε
1991 3121 2025 3176 d

1942 3124 1986 3179 st·
