2075 3292
59 75 131 141 56
907 73 1262 144 ffissvsffl

333 169 397 220 ita
410 166 549 219 omni
558 163 739 234 pietatis
751 178 922 233 genere
936 164 1057 212 inter
1067 162 1238 213 milites
1256 173 1501 215 certatum
1514 163 1734 233 gloriose.

206 234 422 290 Virtutes
431 234 521 288 sub
533 234 682 287 Duce
691 232 878 282 virtutis
889 229 1166 298 Archetypo
1184 228 1411 298 stipendia
1429 229 1652 284 meruisse
1663 230 1845 287 credas.

735 299 854 350 Hoc
869 297 988 348 valet
1002 296 1303 366 exemplum.

416 371 522 422 Rex
532 366 752 437 namq'ue
764 363 833 415 est
845 367 1100 434 ingenium
1110 401 1127 427 7
1149 364 1200 416 &
1214 382 1377 416 mores
1389 370 1620 419 omnium
1631 383 1648 416 z

371 436 521 509 fitque
534 437 743 487 Ducum
762 432 907 483 lituos
918 470 935 495 7
969 431 1034 484 fic
1049 450 1212 484 mores
1224 431 1376 483 castra
1391 432 1673 504 sequuntur.

491 506 526 556 F
527 502 666 555 efellit
682 518 780 553 non
790 499 1013 552 fatidicus
1025 537 1041 563 7
1059 499 1140 551 sed
1157 498 1394 552 falfidicus
1406 517 1538 554 vates
1552 522 1564 554 z

516 575 670 623 virtus
681 606 698 632 7
711 568 760 619 &
777 567 974 619 summa
984 566 1192 636 potestas
1201 585 1298 618 non
1316 572 1501 621 coeunt
1510 591 1528 635 7·

481 640 679 709 quando
691 640 736 687 in
747 637 782 687 F
784 652 1069 687 ERDINANDO
1085 636 1292 704 utraque
1304 635 1472 688 resedit
1482 642 1544 688 ita
1555 675 1573 700 7

217 724 272 763 ut
281 707 485 779 pulchro
502 707 563 760 ab
575 703 810 757 omnibus
819 720 941 755 voca
949 703 1065 754 bulo
1084 710 1416 755 nominaretur
1425 723 1444 762 ς
1460 708 1568 756 Rex
1593 707 1858 759 erurls·

562 776 667 825 Rex
675 770 877 842 qu‘oque
896 771 1125 822 felicitatis
1136 771 1224 822 dici
1238 787 1422 840 poterat
1438 794 1449 825 :

100 846 134 899 fi
145 893 161 914 ,
177 848 263 918 qui
283 843 366 896 alia
375 845 541 895 omnia
556 845 735 893 vicerat
746 877 763 902 7
782 837 1178 901 vietor-invidiae,
1191 839 1369 892 vietor
1384 839 1598 891 hostium
1610 878 1627 902 7
1645 840 1822 894 Victor
1832 843 1912 893 Sui
1925 879 1945 906 7

646 908 698 959 &
712 923 925 960 mortem
939 912 1129 959 vincere
1141 905 1381 976 potuiffet.

526 975 633 1027 Im&
643 994 704 1026 ex
723 976 822 1025 fato
834 975 1035 1044 quoque
1046 974 1171 1024 duro
1190 975 1268 1026 feli
1274 974 1367 1026 ciffi
1375 994 1486 1026 mus
1498 985 1514 1032 2

164 1048 525 1118 fiquiclemvera
543 1042 611 1094 est
625 1042 816 1093 felicitas
826 1079 843 1105 7
860 1042 1073 1093 felicitate
1086 1042 1319 1094 aeternum
1329 1042 1450 1094 felici
1469 1044 1680 1113 dignum
1693 1043 1871 1097 haberi.

186 1120 235 1169 ln
245 1116 457 1169 Africam
468 1115 613 1182 igitur
623 1108 918 1161 transfretare
927 1114 1123 1178 cupiens
1141 1110 1199 1160 ad
1220 1110 1527 1163 debellandos
1544 1110 1656 1162 fidei
1679 1110 1837 1163 hostes
1848 1148 1867 1175 7

618 1196 713 1246 prae
721 1181 879 1228 mium
891 1178 997 1228 tulit
1007 1179 1145 1230 bonae
1166 1179 1435 1229 voluntatis.

68 1256 163 1310 Res
171 1256 304 1305 enim
315 1251 573 1300 intentione
587 1284 603 1308 7
616 1263 671 1296 ac
681 1251 871 1314 incepto
883 1250 1080 1314 egregio
1092 1282 1107 1307 7
1125 1264 1223 1296 non
1237 1250 1368 1296 irrito
1380 1262 1557 1297 eventu
1569 1247 1681 1296 Deo
1696 1245 1982 1314 probantur,

223 1316 468 1372 Necdum
485 1315 621 1367 solvit
638 1315 664 1364 ‘a
682 1315 840 1365 littore
853 1349 870 1375 7
884 1314 934 1363 &
955 1315 1108 1364 dicere
1121 1316 1279 1381 potuit
1289 1312 1603 1380 feliciorJulio
1614 1313 1829 1367 Caesare:

710 1398 850 1432 teneo
865 1396 910 1431 te
934 1379 1152 1432 Coelestis
1172 1380 1354 1437 Africa!

588 1450 774 1501 Omnia
786 1448 847 1499 ad
856 1448 1212 1516 expeditionem
1223 1448 1440 1499 instruxit
1457 1467 1475 1504 τ

561 1535 619 1567 ne
629 1518 917 1568 AEternitatis
927 1520 1014 1567 iter
1025 1519 1156 1566 iniret
1166 1515 1258 1566 sine
1271 1533 1522 1585 apparatu:

279 1602 573 1660 quanquam
599 1588 762 1636 omnis
781 1584 881 1651 ejus
903 1589 999 1634 vita
1025 1587 1069 1633 in
1089 1585 1218 1634 hunc
1233 1588 1504 1634 terminum
1513 1582 1783 1638 collinearit.

324 1654 565 1721 Exemplo
578 1650 818 1705 moriendi
829 1667 882 1702 ut
894 1649 1004 1702 effer
1016 1688 1032 1713 7
1044 1669 1217 1702 omnes
1238 1651 1296 1704 de
1306 1651 1398 1702 suis
1413 1646 1565 1701 adeffe
1575 1651 1749 1702 voluit:

71 1721 312 1797 Alphonso
322 1722 433 1774 Filio
446 1736 780 1791 cognomento
795 1721 993 1788 Sapienti
1010 1756 1026 1782 7
1039 1719 1088 1769 &
1103 1721 1438 1789 Primogenito
1447 1715 1806 1787 sapientiffimus
1818 1718 1988 1769 Parens

298 1789 520 1860 primum
531 1788 840 1850 benedicens7
859 1789 1012 1856 Regni
1024 1823 1041 1849 7
1062 1805 1118 1837 ac
1132 1785 1334 1838 suorum
1348 1804 1523 1837 curam
1541 1784 1759 1836 tradidit:

88 1857 373 1916 Granatenfi
383 1859 505 1927 Regi
525 1857 584 1907 de
595 1855 835 1907 reddenda
845 1858 962 1921 Jaen
973 1854 1096 1907 urbe
1107 1852 1261 1904 fidem
1279 1852 1566 1905 servandam
1579 1852 1976 1906 commendavit:

512 1940 565 1975 ut
578 1923 637 1974 ad
650 1937 871 1974 mortem
880 1922 1038 1991 uscjue
1054 1921 1278 1989 probaret
1290 1920 1333 1973 se
1343 1919 1556 1975 fidelem.

73 2003 228 2072 Regni
237 1998 382 2052 rebus
395 1991 680 2061 compositis
693 2029 708 2053 7
726 2005 858 2042 totus
867 1990 1087 2042 incubuit
1098 1993 1146 2040 in
1156 1990 1258 2041 suas
1270 2026 1286 2051 7
1302 1989 1414 2041 rersi
1425 2004 1543 2039 tunc
1557 1986 1743 2057 optime
1754 1985 1988 2058 satagens,

437 2062 710 2113 Pharmaca
727 2059 936 2109 melioris
946 2094 965 2120 7
985 2057 1034 2107 &
1045 2061 1152 2108 vitae
1163 2096 1177 2114 ,
1192 2057 1406 2110 &salutis
1422 2059 1639 2124 expetiit:

269 2128 560 2187 Diviniffiml
568 2126 782 2195 Hospitis
796 2127 1105 2176 Humanitati
1122 2140 1194 2175 ter
1203 2125 1339 2176 Maxi
1347 2123 1440 2175 mae
1460 2122 1766 2191 responsurus
1776 2159 1796 2186 7

719 2194 745 2243 ὃ
760 2193 887 2244 Ιεῐᾶο
897 2192 1102 2244 obviam
1118 2190 1356 2260 proceffit.

199 2268 445 2328 Genibus7
461 2263 511 2315 &
522 2262 696 2315 cubitis
712 2276 846 2312 terrae
858 2263 1046 2311 innixus
1058 2258 1266 2311 Coeleste
1277 2268 1465 2317 Manna
1481 2256 1652 2328 largius
1667 2256 1870 2327 collegit.

283 2335 410 2390 Resti
418 2351 471 2384 m
483 2330 608 2382 collo
619 2327 944 2385 circumdedit
952 2365 969 2390 7
980 2328 1115 2394 plane
1124 2327 1229 2378 coeli
1240 2331 1492 2396 captivum
1501 2325 1546 2377 se
1565 2323 1810 2394 profitens,

314 2402 577 2471 Indignum
596 2396 640 2449 {e
652 2412 874 2465 reputans
887 2392 1086 2463 Hospite
1098 2392 1371 2464 dignissimo
1380 2398 1583 2447 invoces
1593 2395 1775 2461 erupit=

505 2466 750 2520 Domine!
772 2464 900 2515 unde
914 2467 1069 2514 merui
1083 2500 1099 2525 7
1110 2478 1164 2514 ut
1175 2466 1356 2516 venires
1365 2461 1425 2513 ad
1438 2481 1517 2514 me
1533 2464 1553 2516 ζ

314 2532 868 2594 Cereumbenedistum
880 2535 925 2582 in
942 2547 1113 2582 manus
1121 2529 1317 2582 sumens
1333 2549 1426 2582 ceu
1438 2530 1715 2599 lampadem
1726 2564 1739 2586 .
1783 2537 1789 2539 “

411 2619 471 2657 ut
484 2607 530 2654 in
546 2605 640 2654 vita
649 2638 666 2662 7
679 2604 739 2651 ita
750 2604 795 2651 in
808 2614 965 2651 morte
976 2597 1066 2650 fuit
1084 2599 1110 2648 e
1127 2616 1337 2651 numero
1348 2600 1685 2653 PRuDENTuM.

621 2669 668 2721 C
676 2668 823 2719 hristo
838 2671 884 2718 in
896 2667 1063 2719 Cruce
1080 2682 1167 2735 pro
1177 2667 1220 2719 se
1233 2667 1454 2718 inclinato
1465 2704 1484 2729 7

440 2741 518 2790 cui
528 2740 692 2788 omnia
712 2740 858 2789 vivus
869 2773 885 2798 7
900 2732 1046 2804 seipsu
1056 2752 1107 2784 m
1119 2739 1386 2788 moriturus
1396 2735 1648 2787 inclinavit.

459 2807 730 2859 Tormenta
740 2804 1081 2872 Redemptoris
1091 2820 1151 2853 ex
1163 2803 1330 2855 ordine
1340 2822 1389 2854 re
1395 2801 1585 2854 censens
1595 2838 1615 2867 7

665 2887 857 2943 gratam
871 2871 1084 2940 rependit
1098 2876 1410 2924 memoriam.

418 2939 616 2994 Crebris
632 2939 802 2991 osculis
819 2954 1067 2991 veneratus
1085 2938 1154 2989 est
1170 2943 1214 2989 in
1227 2942 1433 3009 imagine
1446 2939 1629 2991 DssuM:

405 3026 568 3080 ,quem
578 3025 700 3061 mox
710 3006 876 3059 osculo
889 3011 1003 3060 Oris
1010 3007 1077 3059 {ui
1087 3005 1371 3077 dignaturus
1381 3001 1492 3057 esset
1507 3007 1669 3060 Deus„

620 3076 810 3147 Magno
826 3074 993 3130 dolore
1001 3075 1173 3146 peetus
1183 3078 1452 3144 percutiens
