2075 3292
821 29 1173 99 &affixere
1919 48 2002 97 :35

371 289 997 390 Encomium
1036 293 1690 422 exegeticum

575 434 865 513 Fidei&
881 432 1227 511 Veritatis
1251 435 1517 541 Regi-as.

403 569 684 691 ORbem
695 568 958 622 subat‘tum
967 569 1167 638 pe<9tore
1179 574 1384 630 candido

521 637 823 709 Qiicunq'ue
834 637 1023 693 uastat,
1044 635 1232 707 semper
1247 642 1440 695 amabili

586 707 781 774 Linguae
794 709 985 756 maritat
996 704 1257 759 dexteram.

397 773 517 824 Haec
527 776 767 825 executrix
788 773 1068 826 invariabilis

398 840 556 908 Qod
574 839 989 908 verbaspondent,
1008 840 1156 892 sancit
1168 844 1353 895 aheneis

580 909 616 959 F
616 912 787 959 irmare
798 907 950 960 fastis.
1004 910 1161 977 Regio

397 976 676 1043 Nunquam
690 975 938 1028 recumbit
956 976 1153 1044 pectore
1164 976 1367 1031 discolor

397 1043 569 1113 Ulyffis
582 1043 733 1095 astus:
753 1043 917 1093 Fallere
933 1044 1081 1095 nescia

559 1113 628 1162 Ut
640 1112 692 1162 sit
703 1110 889 1179 loquela
901 1112 1146 1180 Principis,

394 1179 595 1247 Regum
605 1181 784 1231 corona
796 1179 945 1247 pileus
957 1179 1026 1229 est
1039 1183 1197 1230 minor
1208 1199 1221 1228 .-

399 1247 491 1297 Sed
507 1264 593 1297 nec
602 1245 743 1311 jocari
754 1248 925 1315 pileolo
938 1247 1074 1298 decet
1087 1285 1103 1310 ,

586 1314 684 1364 Cui
693 1312 884 1382 pondus
895 1313 1026 1365 orbis
1045 1314 1256 1366 incubat.

394 1378 584 1431 Verum
598 1395 653 1430 ut
663 1378 895 1431 coruscus
907 1385 1139 1448 temporis
1152 1382 1328 1435 arbiter

343 1488 346 1489 γ
393 1446 1257 1518 Nimbosapostquamsaeviitimpete

578 1516 772 1584 Hyems
788 1516 1029 1600 maligno,
1047 1515 1208 1567 denuo

391 1583 633 1634 Vernante
654 1583 782 1634 coelo
796 1584 965 1634 clarius
977 1587 1190 1635 emicans

390 1650 621 1718 Depectit
631 1652 855 1701 AEthram
865 1688 882 1712 ,
910 1652 960 1700 ὅ(
972 1668 1197 1717 rumpere
1209 1653 1422 1708 nubium

566 1717 768 1770 Gaudet
784 1718 1039 1788 phalanges
1052 1720 1297 1789 Cynthius
1311 1737 1331 1785 5

388 1786 460 1836 Ac
472 1803 594 1835 mox
611 1784 772 1836 odoris
785 1790 1000 1855 gramina
1019 1787 1219 1840 floribus
1237 1828 1254 1854 ,

393 1853 550 1906 Arbos
569 1854 946 1907 renatisluxuriat
960 1859 1118 1906 comis
1130 1892 1146 1919 Ἰ

578 1918 832 1989 Tellusque
848 1922 946 1972 laeta
958 1920 1135 1973 subsilit
1150 1938 1162 1972 t

392 1990 466 2040 Sic
477 1989 582 2038 Rex
592 1991 683 2038 triu
693 2008 740 2037 m
748 1989 863 2055 phat
875 2027 886 2046 ‚
905 1993 990 2059 qui
1002 1993 1119 2041 nivis
1130 1991 1363 2042 aemulam

388 2056 615 2106 Lazi'tante
627 2056 751 2106 coelo
763 2093 779 2117 ,
798 2055 920 2106 suxit
931 2056 992 2108 ab
1005 2057 1154 2109 ubere

580 2124 979 2176 SYNcEmTATi-:M
1008 2125 1109 2191 Qi
1120 2125 1232 2178 solet

388 2190 570 2260 Regale
587 2191 1043 2259 Sceptrumtingere
1056 2191 1275 2244 eburneo

388 2260 563 2311 Nitore
582 2261 709 2321 veri,
730 2257 949 2325 justaque
968 2258 1175 2325 limpidis

578 2327 772 2377 Servare
783 2325 932 2394 pactis
947 2329 1143 2394 integra.

389 2394 488 2445 Cui
502 2392 688 2444 candor
698 2398 791 2444 oris
807 2430 823 2456 ,
845 2393 995 2445 Verba
1011 2394 1313 2447 adamantina
1328 2433 1346 2459 ³

387 2461 564 2514 Pectus
575 2461 812 2530 patescens
825 2479 949 2512 cum
959 2460 1106 2513 stabili
1123 2460 1220 2512 fide

577 2527 887 2599 Phoebusque
899 2533 1071 2580 mentis
1083 2529 1280 2594 albicat,

393 2598 491 2648 Hic
502 2601 733 2648 aeviternis
743 2596 928 2665 sceptra
941 2596 1193 2650 securibus

391 2665 517 2716 Felix
537 2669 751 2724 maritat3
769 2665 859 2716 sole
877 2668 1099 2717 nitentior

572 2734 815 2802 Dispergit
825 2734 1051 2787 umbras:
1070 2735 1238 2784 omnia

393 2803 521 2869 Qae
530 2800 779 2869 perduellis
797 2801 1042 2855 Cerberus
1053 2803 1239 2854 evomit
1249 2838 1268 2866 ,

395 2871 520 2936 Qae
533 2873 725 2921 toxicati
743 2867 835 2920 filia
847 2870 1032 2922 Taenari

566 2938 714 2990 Circe
730 2941 978 3007 propinat,
996 2935 1192 2990 excutit.

400 3005 713 3060 Enubilantur
730 3008 942 3060 Tartarei
956 3005 1077 3072 doli5
1820 3071 1852 3124 S
1888 3071 1935 3123 h·
1986 3072 1993 3076 q

1853 3087 1885 3140 p
1922 3088 1991 3122 in-
