2075 3292
780 37 1140 111 ΞὺὲἓΧοΧέἑέἒ

519 131 607 185 ubi
625 130 744 185 boni
754 166 772 193 ,
794 130 1011 203 malitjue
1022 134 1086 182 ita
1100 128 1286 182 confusi
1300 130 1453 184 aditus
1467 145 1486 194 3

492 215 549 253 ut
566 199 690 270 aegre
701 197 953 251 discrimen
966 199 1129 249 sentias
1141 235 1157 261 ‚
1172 197 1254 247 nisi
1264 201 1311 249 in
1326 198 1534 268 egreffu3

648 282 753 319 tam
760 265 868 318 felix
876 266 1051 336 obtigit
1063 267 1351 319 Mercurius,

484 334 645 402 Cujus
656 332 814 388 dustu
828 339 874 384 in
889 332 987 402 ipso
1005 333 1136 401 quasi
1147 332 1279 385 bivio
1289 333 1508 385 Herculis
1519 370 1537 396 ,

419 419 519 455 non
535 400 673 454 citius
683 399 884 452 didicisti
896 405 1055 453 vivere
1064 438 1076 457 ,
1094 399 1250 471 quam
1262 404 1424 452 vivere
1437 402 1558 454 bene
1572 438 1590 465 ,

564 473 646 524 vix
660 473 791 521 terris
800 467 956 520 editus
969 505 985 532 ³
1008 468 1058 518 &
1072 465 1281 540 egreflus
1290 472 1425 520 cunis
1437 504 1456 533 ,

622 535 1064 604 jamcoelofeliciter
1082 536 1380 589 auctoratus,

568 605 690 656 Boni
702 607 935 659 Numinis
945 602 1051 656 haec
1061 603 1151 655 fuit
1160 602 1437 656 solicitudo:

424 685 481 724 ut
490 688 623 723 novo
637 673 942 725 huicAEacidi
954 709 971 736 ,
995 670 1054 721 ad
1067 671 1251 738 majora
1261 690 1376 723 nem
1415 689 1438 722 e
1448 684 1561 721 nato
1572 706 1589 732 ‚

438 739 611 791 melior
620 740 956 809 provideretur
966 740 1155 791 Chiron
1166 743 1213 790 in
1225 739 1347 792 Wol
1389 755 1550 808 gango
1562 773 1580 801 ,

750 807 984 878 Magister
999 806 1298 858 fortitudinis.

482 876 610 943 Qae
619 874 826 943 Trojam
836 875 955 926 olim
967 874 1167 926 alteram
1177 892 1276 926 non
1287 869 1506 943 perderet
1516 909 1535 937 ‚

411 956 415 960 '
671 942 765 995 Sed
776 943 960 1010 majore
975 943 1123 1013 gloria
1132 940 1353 995 servaret.

506 1008 666 1078 Cujus
678 1011 823 1080 opera
832 1029 929 1063 non
946 1010 1164 1063 medullis
1183 1010 1282 1076 jam
1293 1009 1493 1061 leonum
1505 1043 1523 1071 ,
1591 1003 1599 1015 ’

359 1073 441 1129 sed
450 1078 690 1148 exquisitis
699 1082 822 1148 Lupi
836 1116 854 1143 ⁷
876 1079 1035 1150 quam
1048 1079 1285 1131 Germani
1306 1123 1321 1144 ,
1349 1093 1458 1128 tam
1467 1071 1657 1126 candidi

433 1142 668 1198 servando
680 1148 796 1199 huic
814 1165 943 1218 agno
954 1147 1026 1199 vel
1037 1150 1164 1198 maxi
1171 1147 1250 1197 me
1264 1143 1599 1199 servientibuS,

667 1216 718 1265 ὅ(
728 1215 862 1266 sacris
872 1222 1076 1264 omnino
1088 1214 1253 1263 visceri
1259 1213 1350 1265 bus
1361 1252 1374 1273 ‚

420 1278 520 1330 hoc
529 1279 598 1330 est
607 1316 624 1343 .,
647 1279 931 1332 Christianae
942 1278 1175 1346 sapientiae
1188 1298 1243 1329 ac
1251 1282 1438 1331 virtutis
1453 1276 1574 1328 lacte
1589 1313 1607 1340 ,

545 1351 696 1397 etiam
707 1347 831 1397 ultra
842 1349 1242 1415 quinquennium
1251 1351 1459 1396 nutritus
1471 1383 1489 1406 ,

345 1409 405 1461 nil
417 1413 605 1464 mirum
614 1448 632 1476 a
653 1412 687 1462 si
698 1427 803 1464 tam
816 1413 866 1464 ὅ(
879 1411 1160 1464 mansuetus
1169 1410 1313 1464 evasit
1326 1448 1344 1476 ,
1369 1412 1420 1463 δε
1432 1409 1684 1464 robustus:

599 1495 656 1531 ut
663 1484 841 1532 virtute
851 1481 1043 1532 leonem
1063 1498 1192 1549 agno
1203 1478 1415 1532 sociante
1425 1515 1444 1542 ⁷

387 1545 488 1599 hoc
499 1546 568 1600 est
577 1583 596 1614 ,
614 1565 900 1600 CLEMENTIA
916 1547 1257 1600 fortitudinem
1271 1561 1571 1616 temperante
1584 1583 1602 1610 ,

671 1613 880 1685 stipsum
891 1613 1055 1667 victor
1068 1614 1407 1684 triumpharet.

631 1682 869 1736 Deciduae
880 1682 999 1735 vero
1016 1682 1159 1751 hujus
1171 1682 1305 1735 laetis
1318 1682 1445 1734 stillae

558 1748 803 1821 signarunt
813 1767 1005 1803 novam
1017 1755 1207 1803 Virtutis
1222 1751 1484 1822 galaxiam:

366 1829 526 1885 quam
538 1816 847 1890 sequentium
856 1820 1144 1872 saeculorum
1154 1817 1402 1890 ingressuri
1417 1817 1653 1884 Principes
1663 1849 1683 1878 2

589 1885 803 1944 rectius,
823 1906 880 1939 ac
892 1891 939 1939 in
948 1891 1096 1939 veteri
1108 1887 1313 1939 illalae'tis
1328 1891 1404 1938 via
1416 1923 1433 1948 ,

340 1965 539 2003 certum
547 1955 595 2004 in
606 1955 754 2007 coelos
770 1957 858 2006 iter
867 1992 884 2019 ,
907 1957 958 2006 ὅ(
968 1953 1137 2007 melius
1148 1954 1305 2007 lastati
1315 1953 1447 2006 facile
1459 1950 1712 2004 tenebunt.

331 2016 392 2069 At
402 2017 625 2076 HENRICI
642 2026 840 2092 pueritia
849 2022 1209 2092 praeclariffimis
1219 2023 1413 2075 imbuta
1432 2016 1702 2073 seminibus

544 2108 640 2142 non
657 2093 815 2160 potuit
827 2108 925 2142 non
937 2088 1204 2142 adolescere
1216 2094 1262 2141 in
1276 2089 1494 2160 segetem

504 2158 557 2212 δί
570 2160 780 2213 uberem
791 2196 808 2222 ,
829 2158 880 2210 ὅ(
895 2163 995 2229 opti
1003 2177 1095 2211 mae
1108 2157 1263 2228 frugis
1276 2173 1501 2210 matrem.

631 2226 834 2290 Nempe
853 2244 938 2278 ver
948 2227 1018 2277 est
1028 2231 1136 2278 vitae
1148 2230 1347 2293 pueritia
1359 2239 1374 2280 t

589 2292 700 2343 inde
713 2292 1038 2359 &juventutis
1057 2292 1230 2342 adultae
1249 2289 1437 2354 meOES,

508 2361 562 2414 &
572 2360 788 2412 virilium
799 2372 1068 2409 autumnus
1080 2374 1323 2419 annorum
1333 2357 1525 2428 pendet.

697 2425 896 2480 Malum
905 2425 986 2477 hic
999 2443 1148 2477 omen
1160 2425 1302 2477 crede
1321 2445 1335 2475 .-

687 2494 975 2564 siimpingas
985 2497 1032 2544 in
1046 2492 1144 2562 ipso
1155 2493 1345 2546 limine:

757 2581 817 2614 ne
832 2565 1015 2626 dicam,
1025 2562 1302 2632 prolabaris,

269 2635 336 2688 Ita
344 2649 402 2686 na
409 2629 564 2703 mq'ue
575 2632 939 2703 reliquumvitae
950 2634 1037 2683 iter
1053 2633 1135 2682 vix
1152 2626 1385 2683 inoffenso
1396 2628 1626 2683 decurres
1634 2630 1755 2702 pede
1769 2646 1785 2685 ε

423 2703 662 2773 tantoque
682 2703 876 2771 gravior
887 2700 1179 2753 metuendus
1189 2704 1276 2752 erit
1288 2698 1408 2769 saepe
1419 2695 1597 2769 lapsus5

494 2817 504 2822 -
668 2767 854 2842 quanto
864 2768 945 2821 lon
983 2771 1079 2820 iore
1089 2767 1257 2821 abieris
1267 2767 1357 2820 via.

422 2837 592 2905 Qare
604 2835 655 2891 ὅ(
674 2837 904 2907 imperiali
919 2786 1148 2889 admotus
1161 2835 1352 2906 fastigio
1370 2835 1638 2890 HtNrucus

571 2903 598 2957 a
613 2903 759 2974 seipso
771 2906 974 2958 minime
983 2904 1286 2975 degeneravit
1297 2908 1342 2955 in
1354 2905 1474 2959 alto:

643 2972 775 3027 dum
791 2978 956 3028 virtuti
964 2973 1207 3047 redtaeq'ue
1217 2976 1414 3037 rationi,

688 3056 925 3115 tanquam
934 3041 1122 3100 feliciori
1132 3039 1346 3100 Ariadnae
1354 3077 1375 3107 ,

1873 3127 1987 3180 por-
