2075 3292
19 61 94 112 72
833 57 837 59 ·
863 33 1221 106 affixae&

199 133 450 186 vittutum
471 125 710 177 exercitus
721 123 764 175 in
777 123 875 193 ipso
888 161 906 187 ,
925 123 1059 194 quasi
1070 126 1216 180 Duce
1226 162 1244 189 ‚
1255 123 1491 180 collectus
1501 128 1758 186 videretur.

255 201 390 252 Auro
401 231 419 256 -‚
439 191 576 265 quod
593 191 934 243 hostiumfocis
945 196 1116 261 eripuit
1127 231 1146 257 .,
1164 197 1337 265 patrias
1345 199 1579 250 inauravit
1595 219 1697 258 aras
1707 220 1723 253 t

237 261 448 335 pretiosis
467 260 706 313 manubiis
717 294 728 314 .
750 260 961 333 bellique
972 265 1118 313 ruinis
1126 278 1170 316 te
1177 263 1305 332 mpla
1316 266 1426 317 Deo
1438 270 1564 334 pacis
1575 271 1738 320 erexit.

127 335 218 402 Q
219 349 384 384 antam
396 330 568 382 veroin
580 344 732 400 regno
751 329 844 381 Dei
855 329 1227 398 amplitudinem
1242 346 1332 399 pro
1341 331 1510 385 futuro
1523 334 1854 399 dimetiretur,

242 419 301 452 ex
313 397 562 451 latifundiis
571 412 706 449 terrae
716 430 733 460 ι,
748 410 906 465 quam
923 397 1210 453 Sacerdotiis
1222 400 1490 454 destinabat
1517 440 1529 458 ‚
1548 408 1739 458 metire.

155 468 482 525 Ecclesiastico
499 466 659 534 Capiti
668 463 988 535 quadraginta
1000 467 1044 518 C
1054 473 1380 520 anonicorum
1390 468 1571 520 addidit
1582 472 1757 525 memb
1764 488 1812 522 ra
1823 488 1843 527 t

188 538 485 608 septuaginta
495 538 645 585 etiam
656 531 836 601 templa
847 567 864 595 2,
881 534 1014 605 quasi
1027 534 1237 587 totidem
1248 539 1616 607 propugnacula
1627 573 1640 594 ,
1651 542 1822 591 erexit:

357 621 411 657 ut
422 615 521 654 tota
532 600 816 671 symmetria
831 602 987 671 Regni
997 602 1023 654 ἃ
1035 603 1281 674 Religione
1302 610 1615 674 conlurgeret
1625 644 1643 671 ,

428 670 486 721 acl
503 670 720 732 divinos,
737 668 1073 741 humanosque
1089 674 1550 728 canonesinstrmsta.

189 740 429 794 Gladium
441 742 568 791 acuit
580 737 904 796 Gedeonisad
920 755 1091 790 cotem
1100 744 1287 792 virtutis
1298 778 1315 802 ,
1336 742 1528 811 ubique
1547 740 1797 805 constanS,

509 808 553 857 in
566 806 660 857 sola
675 808 867 857 honoris
876 808 1204 874 persecutione
1216 808 1463 878 fugitivus.

437 875 535 930 Sed
553 873 680 926 dum
689 891 840 925 unam
860 876 1119 946 Hungariae
1128 876 1252 947 fugit
1267 896 1510 930 coronam
1519 913 1538 941 .,

506 946 552 994 in
563 943 782 1011 plurium
794 942 1074 994 devolvitur
1086 944 1433 1014 labyrinthum.

615 1008 668 1060 In
683 1009 750 1060 his
763 1012 893 1059 enim
904 1011 1015 1062 vere
1026 1011 1095 1062 est
1105 1013 1239 1065 labor
1251 1017 1376 1064 intus

491 1094 578 1148 par
590 1079 737 1129 etiam
748 1079 950 1129 Herculi
963 1079 1255 1152 quandoque
1267 1080 1534 1152 fatigando,

173 1151 238 1203 Ita
247 1148 317 1201 sui
328 1147 636 1215 triumphans
659 1162 950 1214 contemptu
970 1148 1168 1200 allicitur
1181 1187 1197 1211 ,
1222 1148 1348 1200 dum
1368 1150 1621 1218 despicitur
1631 1147 1814 1200 honor:

349 1233 404 1266 ac
415 1213 532 1267 vero
546 1219 689 1265 etiam
702 1215 913 1265 calcatus
931 1216 1205 1267 calcantem
1215 1217 1367 1268 elevat
1378 1222 1421 1267 in
1439 1217 1661 1269 lublime.

145 1287 499 1355 Integerrimus
510 1284 616 1335 Rex
630 1283 675 1333 in
691 1281 957 1351 pretiosum
971 1286 1124 1335 trium
1144 1302 1473 1350 coronarum,
1489 1287 1536 1335 δε
1562 1281 1825 1352 pretiosam

368 1351 628 1402 Dalmatiae
639 1389 655 1412 7
680 1351 909 1402 Slavoniae
920 1387 938 1413 ,
960 1353 1008 1402 ὅ(
1023 1352 1233 1404 Croatiae
1246 1352 1361 1405 abiit
1380 1357 1633 1417 unionem.

74 1420 259 1496 Neq'ue
272 1436 437 1473 tamen
451 1416 474 1469 a
487 1434 560 1470 tot
574 1423 798 1488 purpuris
818 1419 1028 1470 livorem
1042 1424 1182 1471 traxit
1192 1457 1208 1483 ,
1230 1419 1310 1473 sed
1321 1419 1478 1490 potius
1489 1418 1757 1471 candorem
1769 1419 1900 1469 auxit
1914 1427 1930 1470 t

365 1501 471 1557 quo
492 1484 577 1539 sibi
592 1487 634 1538 st
639 1503 779 1555 ptem
792 1486 1300 1555 Elee‘corumcalculos
1312 1488 1629 1541 candidabat=

111 1573 169 1610 ut
183 1555 358 1627 dignus
373 1556 497 1608 abi=s
518 1552 797 1622 haberetur,
817 1559 903 1626 qui
921 1554 1056 1612 fieret
1075 1555 1289 1608 Romani
1305 1555 1507 1626 quoque
1527 1556 1716 1624 Imperii
1730 1553 1910 1623 Caput.

229 1622 400 1696 Uscjue
414 1617 536 1674 adeo
551 1622 735 1674 illustris
747 1639 821 1675 tot
831 1626 1075 1675 virtutum
1084 1623 1222 1676 radiis
1234 1624 1378 1676 evasit
1391 1623 1523 1676 frons
1533 1625 1792 1685 LAmsLA15

333 1708 389 1744 ut
402 1709 455 1742 ea
465 1706 513 1740 m
528 1694 539 1740 ·i
542 1689 621 1759 psa
640 1692 675 1742 R
685 1707 865 1743 omana
875 1691 1100 1758 Majestas
1114 1693 1250 1746 ambi
1257 1697 1377 1744 verit
1394 1696 1439 1743 in
1453 1691 1644 1744 solium.

366 1760 461 1813 Sed
473 1774 710 1810 coronam
723 1760 914 1829 Imperii
929 1759 1138 1811 candido
1155 1761 1438 1829 deprecatus
1450 1763 1616 1812 animo
1626 1796 1644 1818 ,

473 1830 520 1877 in
535 1827 681 1877 alium
697 1828 931 1878 transferri
947 1844 1277 1897 purpuratum
1294 1828 1543 1897 cupiebat:

529 1894 656 1945 dum
664 1894 731 1947 sat
739 1894 852 1952 fuit,
865 1896 1102 1947 meritum
1112 1892 1187 1946 eff
1176 1914 1201 1947 e
1212 1895 1260 1945 id
1271 1900 1482 1957 virtute3

301 1961 440 2034 quod
462 1979 559 2013 non
573 1963 682 2014 nulli
693 1962 848 2033 quam
859 1963 984 2015 saevo
996 1996 1014 2026 ι,
1046 1978 1151 2016 tam
1163 1967 1294 2015 irrito
1306 1964 1463 2015 Marte
1473 1975 1716 2032 quaerunt.

357 2032 473 2083 Hoc
487 2029 587 2099 ipso
600 2047 764 2083 tamen
778 2068 793 2089 ,
808 2031 912 2083 imo
925 2033 975 2081 ὅ(
990 2037 1144 2100 magis
1162 2033 1305 2083 evasit
1316 2033 1659 2083 honorandus:

259 2097 398 2172 quod
408 2099 616 2150 1u1n111u
624 2117 673 2150 m
682 2098 860 2167 fugerit
872 2097 1115 2150 honorem
1126 2103 1296 2168 quietis
1308 2115 1477 2150 amatae
1493 2098 1743 2150 desiderio·

342 2167 556 2218 Coronae
568 2166 787 2236 namque
807 2167 1008 2236 Regum
1020 2167 1212 2220 umbrae
1230 2166 1337 2219 sunt
1347 2166 1649 2236 captantibus
1662 2185 1676 2215 ε

250 2233 378 2286 ultro
390 2233 659 2304 sequuntur
667 2235 906 2304 fugientes
919 2272 935 2296 ,
947 2250 1187 2305 tanquam
1197 2232 1484 2305 pedillequae
1496 2239 1763 2288 virtutum·

481 2301 662 2355 Merito
675 2318 844 2354 autem
856 2318 996 2354 tantae
1009 2309 1254 2355 virtutum
1265 2302 1519 2356 affluentiae

586 2368 711 2422 cum
723 2369 964 2422 adnataret
976 2373 1166 2439 Imperii
1184 2368 1409 2423 diadema
1419 2408 1439 2435 ‚

570 2439 729 2507 appuli
737 2435 819 2490 flet
830 2437 982 2491 forsan
996 2438 1045 2490 &
1059 2441 1179 2491 Petri
1194 2438 1438 2493 navicula:

186 2512 236 2565 Si
246 2501 642 2563 saceracceffillet
660 2507 908 2561 charaeter
922 2546 940 2571 ‚
960 2523 1115 2578 quem
1126 2507 1322 2562 bonum
1335 2506 1599 2577 publicum
1613 2506 1818 2562 arcebat.

445 2570 836 2628 Ordinatiffimus
846 2580 978 2628 enim
988 2573 1089 2647 quo
1103 2575 1336 2629 adomnia
1350 2579 1571 2646 Princeps

450 2642 513 2696 ad
525 2644 748 2696 ordinem
757 2644 962 2717 quoque
980 2643 1325 2700 sacerdotalem
1333 2644 1514 2715 aspirab
1521 2659 1585 2700 at·

225 2711 338 2766 Post
348 2713 549 2763 Martios
560 2717 691 2763 enim
707 2718 925 2781 pulveres
936 2749 954 2777 ,
975 2718 1146 2767 mortis
1159 2717 1340 2766 cineres
1352 2729 1516 2766 mente
1526 2711 1779 2765 revolvens
1798 2744 1818 2772 ‚

210 2781 273 2834 ad
285 2785 539 2834 Divorum
549 2780 798 2834 anhelabat
810 2781 988 2851 pulpita
999 2819 1016 2847 ,
1034 2786 1302 2835 aeternitatis
1318 2787 1513 2852 negotia
1535 2780 1842 2834 transsaturus,

590 2850 677 2900 His
689 2849 810 2903 adeo
824 2849 977 2902 solidis
989 2855 1229 2906 virt-utum
1243 2852 1474 2921 gradibus

439 2916 609 2968 lucem
625 2921 757 2970 auxit
774 2917 913 2977 suam
925 2920 1079 2991 ulq'ue
1090 2918 1150 2970 ad
1161 2919 1430 2988 perfectam
1449 2918 1520 2968 die
1531 2936 1597 2970 m.

227 2982 386 3052 Cujus
395 2983 694 3043 serenitatem
704 3025 719 3042 ,
735 2986 857 3038 cum
869 2988 1040 3042 lividus
1056 2989 1196 3041 Erebi
1211 2988 1386 3040 oculus
1397 2987 1516 3038 ferre
1528 3003 1626 3039 non
1646 2978 1825 3054 pesset3

542 3072 595 3124 gr
603 3054 773 3115 avibus
784 3054 886 3113 belli
898 3055 1267 3127 tempestatibus
1281 3057 1497 3110 involvit.
1889 3110 1986 3165 Ex-
