2075 3292
841 63 1199 134 ἓὲἓποὶῦἒῧὲ
1883 78 1949 134 53.

150 157 211 210 Et
222 152 339 205 vero
350 166 541 205 tantum
556 154 702 203 inerat
716 150 839 203 inilia
849 169 962 205 vera
976 154 1101 207 Coeli
1123 150 1467 208 consuetudine
1477 173 1797 211 momentum
1808 195 1827 222 ‚

199 237 255 274 ut
272 223 397 292 pileo
417 239 538 273 cum
554 221 763 272 Henrico
780 221 956 272 Sueciae
968 222 1104 291 Rege
1115 221 1176 271 ad
1185 220 1369 290 pileum
1381 224 1585 278 inclusos
1597 244 1784 279 carcere

617 303 788 339 ventos
797 285 1010 340 evocasse
1021 289 1171 340 videri
1183 283 1361 358 poffet3
1849 302 1856 308 '

353 357 433 408 nifi
444 373 682 425 magnum
697 359 747 407 iis
757 355 973 407 emendis
981 360 1196 424 pretium
1206 373 1374 426 preces
1386 356 1639 413 obtulisset.

227 427 322 486 Die
336 427 620 477 Inventionis
629 422 798 475 san6'tae
820 424 1000 474 Crucis
1015 423 1233 476 felicibus
1244 424 1410 476 austris
1420 430 1755 494 provehuntur

524 490 701 542 sericeis
720 490 944 543 vexillatae
956 491 1205 543 Crucibus
1224 510 1389 546 naveS.

318 561 368 612 In
381 559 451 610 his
469 561 618 628 Signis
630 559 969 610 Constantinus
981 559 1256 610 Occidentis
1274 563 1466 612 vincere
1482 561 1667 616 debuit„

360 626 622 695 Haecsigna
637 625 767 677 fuere
777 626 992 678 vi&oriae
1005 629 1231 690 certiora,
1250 633 1363 679 acin
1379 630 1598 681 Praetoria
1608 669 1620 689 ‚

365 696 545 746 Levino
559 691 766 745 Consule
785 694 980 745 Athenis
991 695 1252 763 opitulante
1268 712 1375 747 nata
1387 698 1586 750 Laurus.

538 763 721 813 Catena
732 766 975 830 rumpitur
987 799 1003 824 ,
1022 779 1143 830 pons
1156 761 1393 816 difiicitur.

430 829 752 900 Torquatum
770 828 1009 881 inficietur
1019 832 1124 899 quis
1139 831 1174 880 F
1176 847 1512 884 EamNANouM
1528 869 1545 892 ,

366 902 452 967 qui
462 913 697 966 torquem
707 898 891 955 Mauris
903 898 1121 949 Barbaris
1134 897 1194 947 ad
1203 899 1375 950 Baetim
1387 898 1616 954 extorsit?

352 966 607 1019 Machinas
618 963 933 1035 quascunque
945 965 1131 1016 hostiles
1142 984 1238 1016 non
1255 967 1415 1017 media
1425 967 1625 1023 Medea,

516 1032 597 1089 sed
613 1032 850 1101 Magistra
871 1035 1098 1084 VrRGmE
1113 1034 1213 1084 Dm
1233 1034 1441 1092 MATRE,

601 1104 833 1152 Sacratior
844 1102 974 1150 lalon
992 1101 1183 1151 feliciter
1194 1106 1374 1152 evertit⁴

275 1166 541 1220 Tredecim
551 1173 757 1220 navium
773 1165 909 1219 claff'e
928 1172 1118 1237 triginta
1130 1172 1334 1219 navium
1348 1164 1543 1221 classem
1554 1167 1747 1231 devicit,

670 1237 865 1287 AEthere
883 1235 938 1285 illi
949 1254 1071 1286 com
1080 1237 1318 1287 militante.
1687 1283 1690 1285 .
1884 1288 1886 1290 .

172 1300 368 1371 Igniaria
387 1306 494 1356 navi
512 1303 737 1355 flammas
748 1341 765 1366 ,
788 1305 836 1354 ὅ(
848 1304 1098 1354 excidium
1111 1301 1235 1354 claffi
1247 1303 1526 1356 Christianae
1538 1306 1781 1355 minitante
1793 1337 1812 1365 ,

524 1374 570 1421 in
587 1371 638 1421 fu
646 1390 794 1422 mum
805 1369 919 1422 vero
929 1374 1196 1422 evanidum
1217 1373 1427 1423 abeunte
1439 1409 1455 1434 ,

427 1442 600 1506 gratias
611 1453 762 1489 tantas
775 1439 893 1488 Deo
904 1473 921 1498 ,
946 1455 1001 1488 ac
1014 1439 1155 1488 Divffi
1168 1441 1380 1490 Vlizomi
1393 1439 1517 1489 fudit
1528 1475 1547 1501 ,

472 1520 525 1556 ut
536 1521 668 1557 totus
680 1521 809 1556 extra
817 1503 862 1557 se
881 1503 1266 1557 effundereturin
1289 1506 1428 1557 extasi
1436 1524 1504 1557 m.
1667 1553 1670 1555 Α

282 1571 513 1639 Spiritum
527 1572 758 1643 putalTeS,
777 1577 838 1624 ita
854 1576 1033 1624 nemini
1044 1573 1169 1624 visus
1183 1611 1199 1637 ,
1220 1591 1275 1624 ac
1287 1577 1452 1624 omnia
1462 1588 1713 1641 penetrans

126 1697 130 1702 ⁴
695 1640 845 1709 ipsam
861 1639 1038 1693 subivit
1050 1639 1299 1709 Hispalim.
1872 1693 1875 1696 ,

41 1702 259 1758 Durante
277 1705 525 1759 obsidione
539 1725 661 1760 cum
672 1708 807 1759 hoste
822 1708 1053 1776 plurimas
1064 1745 1082 1771 ,
1104 1710 1216 1760 lecu
1226 1724 1380 1763 ternas
1393 1705 1708 1760 hebdomade
1719 1705 1960 1778 qualibet,

280 1790 502 1825 cruentas
520 1776 671 1846 flagro
692 1780 787 1826 iniit
807 1777 1124 1838 velitationeS,
1141 1776 1213 1827 sui
1234 1777 1469 1846 prodigus
1481 1773 1727 1844 sanguinis.

304 1841 379 1894 Ad
393 1844 720 1912 pugnandum
732 1845 961 1895 loricatus
972 1843 1145 1895 incessit
1157 1881 1173 1905 a
1194 1842 1274 1895 sed
1285 1845 1487 1896 thorace
1497 1843 1719 1895 aculeato

725 1911 785 1960 ad
797 1911 1050 1980 infligenda
1061 1911 1145 1963 sibi
1157 1912 1238 1962 sua
1250 1949 1268 1973 7

557 1993 612 2028 ut
621 1977 795 2030 facilius
807 1979 952 2029 aliena
965 1993 1148 2029 arceret
1165 1979 1375 2031 vulnera.

452 2045 516 2095 Ita
527 2045 634 2096 secu
644 2066 693 2096 m
705 2050 802 2114 egit
820 2083 837 2108 ,
861 2061 913 2096 ut
925 2062 1031 2096 ante
1045 2063 1208 2097 arcem
1219 2048 1433 2115 corporis
1447 2044 1515 2098 sui
1527 2082 1545 2109 ,

97 2159 101 2171 ἱ
412 2113 568 2180 quam
578 2113 812 2181 Hispalim
824 2113 1006 2165 urbem
1021 2130 1295 2183 expugnare
1308 2113 1569 2167 videretur.
1829 2173 1833 2176 ζ
1884 2168 1892 2177 ,

43 2175 255 2249 Longius
265 2181 508 2247 proamita
518 2180 765 2233 obsidione
777 2181 1062 2250 longanimis
1074 2219 1090 2243 ,
1105 2181 1154 2231 ὅ(
1166 2182 1375 2248 prudens
1390 2181 1549 2251 magis
1564 2183 1788 2233 animum
1796 2182 1959 2233 erexit·

572 2249 800 2300 Omnem
816 2248 923 2300 belli
936 2249 1092 2299 aleam
1110 2252 1155 2298 in
1171 2249 1443 2300 Bellonasua

448 2318 593 2368 Icone
607 2319 816 2386 Virginis
827 2317 853 2366 ἃ
869 2316 1090 2386 Regibus
1104 2315 1234 2367 dieta
1254 2317 1529 2368 collocavit.

255 2386 398 2438 Hanc
409 2383 532 2437 cum
543 2385 731 2452 semper
745 2388 861 2435 inter
871 2388 1057 2453 primos
1070 2383 1268 2436 haberet
1282 2383 1471 2435 ordines
1488 2382 1751 2436 terribilem

576 2468 632 2504 ut
642 2452 937 2504 Castrorum
953 2455 1108 2503 aciem
1125 2451 1403 2504 ordinatam
1413 2497 1431 2519 ,

50 2575 56 2578 ,
707 2524 835 2572 vinci
843 2538 940 2571 non
948 2523 1102 2588 potuit
1113 2523 1159 2569 in
1169 2523 1288 2573 acie.
1942 2557 1950 2581 .·

52 2588 275 2657 Semper,
293 2588 343 2640 ὃ(
354 2589 501 2661 ubicj3
511 2590 782 2640 fortunatus
792 2591 947 2640 extitit
958 2587 1018 2641 ab
1032 2605 1175 2638 aurea
1185 2587 1276 2641 hac
1283 2587 1475 2639 fortuna
1483 2603 1742 2659 nunquam
1756 2585 1963 2644 dimiffa.'

610 2659 782 2708 Dicere
793 2655 948 2709 verius
966 2693 984 2718 .,
1009 2674 1063 2707 ac
1082 2654 1154 2706 ille
1167 2693 1185 2719 ,
1205 2659 1392 2725 potuit:

338 2723 588 2792 Equidem
603 2724 716 2777 sum
725 2763 742 2787 ‚
760 2742 915 2794 quem
925 2725 1008 2777 Tu
1021 2742 1099 2775 me
1109 2722 1208 2775 fato
1217 2721 1444 2794 quodam
1460 2718 1670 2777 effecisti„

465 2795 548 2844 Tu
562 2797 694 2844 enim
708 2831 726 2855 ,
747 2794 798 2844 ὃ(
808 2795 984 2845 Fatum
997 2809 1171 2843 meum
1182 2809 1230 2842 es
1240 2828 1258 2854 ,
1279 2791 1330 2842 &
1340 2791 1568 2843 Fortuna.

121 2859 405 2912 Marianum
420 2862 516 2912 hoc
532 2895 544 2914 ‚
556 2879 655 2912 non
665 2861 941 2929 Trojanum
952 2858 1220 2912 Palladium
1230 2858 1481 2927 capiundae
1491 2858 1627 2911 urbis
1639 2875 1793 2911 omen
1802 2855 1903 2910 fuit.

346 2929 488 2980 Nam
504 2928 626 2981 festo
636 2928 782 2982 sancti
799 2930 1066 2982 Clementis
1077 2967 1092 2986 ,
1124 2925 1369 2997 Superfim
1385 2926 1666 2990 clementia,
1910 2956 1913 2958 -

328 3013 454 3046 anno
467 2997 841 3066 quadragesimo
859 2996 1040 3049 octavo
1049 2993 1186 3047 seculi
1205 2998 1355 3057 tertii,
1376 3012 1433 3046 ac
1456 2993 1667 3057 decimi,

175 3061 203 3113 ἓ
212 3059 491 3138 seculorum
499 3066 656 3136 quinq‘
661 3084 721 3123 ue
732 3104 751 3132 ,
768 3062 1031 3185 &ampgus
1045 3064 1278 3121 exantlata
1286 3060 1381 3121 sub
1400 3062 1586 3116 Mauris
1594 3059 1817 3120 servitute
1830 3096 1849 3125 ,
1875 3135 1887 3144 ο

1874 3150 1970 3187 im*
