2075 3292
45 80 114 138 74

860 44 1209 117 ffixoxffiss

647 137 874 192 transierit
884 140 928 185 in
940 149 1094 204 partes
1108 135 1356 187 LAmsLAI.

374 211 597 268 Gloriosa
617 208 761 259 simul
771 244 787 267 7
808 206 859 255 δε
877 201 1116 272 ingeniosa
1128 201 1217 251 fuit
1230 200 1333 252 haec
1345 199 1569 253 vietoriaz

430 281 677 334 remenim
695 291 784 326 acu
796 274 948 339 tetigit
960 305 975 332 ,
996 267 1115 320 cum
1133 265 1364 320 transfixit
1377 271 1553 321 Acum.

513 346 604 398 Sed
615 344 818 395 alterum
829 356 890 389 ex
902 337 1047 388 altero
1059 336 1246 389 bellum
1255 333 1450 397 seritur3

379 417 430 469 &
441 417 570 468 velut
585 411 733 463 herba
751 410 894 457 noxia
905 403 1094 472 semper
1104 402 1148 455 se
1162 418 1394 472 propagat
1407 399 1630 472 amplius·

367 483 483 539 Beffi
503 487 723 532 nativum
733 475 884 543 frigus
897 487 1155 523 armorum
1165 471 1320 521 calore
1330 469 1652 523 succendunt:

628 551 673 597 in
685 544 941 612 publicum
951 553 1216 606 erumpunt
1227 537 1378 589 solem
1389 552 1403 595 ς

532 632 659 685 quos
670 612 730 663 acl
739 609 959 661 tenebras
971 606 1285 656 damnaverat
1296 621 1481 659 natura.

484 683 576 736 Sed
588 680 720 732 facile
734 675 1016 728 stationibus
1025 672 1116 724 suis
1128 673 1304 741 expulit
1313 690 1512 744 gentem
1521 709 1539 736 ‚

454 769 565 821 quae
582 749 698 799 stare
706 743 944 797 nesciebat
957 739 1130 792 assueta
1142 740 1549 808 populationibus.

307 827 452 878 Dum
463 817 579 870 vero
600 812 885 885 praedatores
899 806 1057 862 Beffos
1072 812 1114 858 in
1128 809 1346 876 praedam
1361 809 1521 878 gloriae
1534 812 1728 879 coegit3

343 930 349 934 ,
425 891 518 940 Pan
534 926 544 943 ,
564 886 609 935 5<
626 885 778 935 Ceres
796 885 838 930 in
854 878 1098 928 solitudine
1112 877 1258 926 castra
1277 875 1599 930 metabantur.

322 959 423 1012 Hic
434 971 489 1007 ut
502 954 597 1005 vit‘a
609 945 967 1015 detriumphat'a
977 981 994 1006 .,
1015 943 1273 994 weronam
1285 960 1518 993 coronent
1531 942 1712 996 adoreis
1725 982 1743 1008 ,

215 1031 369 1085 vitalia
384 1024 593 1078 militurn
607 1018 890 1070 adoriuntur
900 1013 978 1063 seu
992 1012 1359 1079 propugnacula
1370 1047 1387 1071 .,
1398 1011 1478 1061 seu
1492 1012 1818 1066 tabernacula.

535 1090 793 1139 LAmSLAus
807 1086 979 1132 interea
997 1078 1203 1131 subsistit
1215 1082 1256 1128 in
1270 1079 1475 1147 genibus
1494 1097 1506 1130 :

299 1183 356 1214 ne
373 1161 576 1212 laureata
592 1155 804 1205 militum
820 1164 1098 1200 romi-runo
1111 1145 1296 1197 victrici
1306 1145 1596 1198 succumbat
1607 1145 1742 1200 fami.

331 1231 502 1298 th'ue
514 1229 556 1274 in
577 1221 823 1273 solitudine
836 1215 960 1266 hosti
971 1213 1058 1265 sub
1074 1214 1330 1264 Visceribus
1342 1216 1498 1263 latenti
1511 1213 1686 1265 resistat
1696 1250 1716 1277 ‚

465 1290 766 1368 praziicliaiios
778 1290 883 1335 vitae
895 1282 1148 1334 succursus
1158 1280 1351 1332 solicitat
1362 1279 1547 1331 orando
1567 1298 1581 1328 .-

225 1369 292 1420 hu
300 1360 534 1418 manillim
541 1358 569 1409 ἱ]
578 1374 727 1427 mque
739 1356 804 1405 hu
811 1349 991 1401 manilii
999 1365 1083 1400 mo
1094 1350 1162 1398 Re
1168 1352 1215 1418 gi
1228 1349 1417 1400 coelum
1433 1346 1676 1399 submittit
1684 1346 1819 1402 feraS.

801 1420 1066 1488 Orpheum
1082 1417 1283 1468 diceres:

369 1502 453 1570 qui
468 1493 528 1546 ad
542 1493 748 1545 suorum
758 1487 987 1555 obsequia
999 1502 1168 1535 cervos
1178 1521 1196 1546 ,
1209 1485 1257 1534 ὅ(
1270 1480 1476 1535 bubalos
1487 1480 1686 1532 induxit.

300 1571 411 1638 Jam
422 1562 539 1619 vero
551 1556 925 1611 convivantibus
940 1553 1061 1603 laute
1087 1551 1317 1602 militibus
1327 1587 1344 1612 ,
1364 1551 1413 1600 ὅ(
1427 1565 1570 1617 potus
1582 1546 1760 1601 defuit:

527 1626 586 1681 cu
597 1647 646 1677 m
657 1646 684 1677 n
692 1643 815 1677 ovus
825 1620 914 1674 sub
940 1619 1150 1688 Apolline
1160 1635 1290 1670 novo
1304 1616 1511 1687 Pegasus

470 1697 681 1750 liberales
694 1692 876 1762 ungula
895 1690 1047 1740 fontes
1059 1690 1278 1756 propinat
1293 1686 1317 1735 ἐ
1327 1685 1441 1736 vesti
1448 1688 1546 1753 gio·

326 1772 391 1823 lta
404 1773 520 1819 inter
534 1766 698 1816 martis
713 1763 798 1811 tela
811 1797 826 1820 ,
845 1760 891 1807 ὅ(
907 1755 1258 1807 mortisfalcem
1270 1753 1342 1805 bis
1353 1751 1457 1804 lusit
1471 1755 1578 1803 vitae
1590 1750 1718 1803 aleis:

720 1826 865 1878 semel
879 1831 919 1876 in
934 1842 1069 1874 arena
1086 1823 1257 1879 Martis
1268 1858 1286 1882 ,
1320 1847 1324 1851 -

724 1895 869 1946 semel
887 1897 929 1943 in
943 1895 1137 1961 pulvere
1153 1890 1339 1940 mortis,

330 1966 593 2027 Meridiem
603 1961 774 2016 victori
780 1980 861 2012 aru
871 1980 922 2012 m
935 1965 980 2010 in
993 1963 1170 2010 oriente
1183 1956 1247 2007 sic
1265 1952 1495 2023 explicuit
1506 1955 1692 2010 Graecis
1704 1994 1726 2023 ,

401 2053 456 2089 ut
469 2038 735 2105 puniceam
746 2048 922 2082 eorum
935 2044 1090 2078 artem
1100 2040 1262 2092 aperto
1273 2023 1484 2073 eluderet
1494 2023 1670 2081 Marte.

323 2097 773 2176 Mysiamingreffus
784 2098 1005 2155 feliciter,
1028 2094 1380 2144 Macedoniam
1388 2093 1556 2157 reperit
1565 2091 1761 2146 felicius,

151 2179 523 2237 Roxolanorum
535 2206 553 2231 .,
575 2170 626 2219 &
642 2166 988 2218 Ruthenorum
1005 2161 1253 2211 fortunam
1265 2173 1610 2211 occurrentem
1618 2159 1703 2212 fibi
1717 2159 1911 2214 habuit:

265 2245 345 2299 sed
357 2238 626 2295 volubilem
638 2236 738 2300 ejus
749 2248 912 2292 rotam
924 2249 983 2280 cu
994 2248 1045 2280 in
1066 2243 1174 2279 toto
1185 2227 1397 2277 exercitu
1407 2227 1453 2274 in
1468 2240 1682 2297 praeceps
1691 2231 1807 2298 egit.

486 2305 738 2358 Sclavones
754 2304 943 2351 veniam
954 2298 979 2348 {i
992 2295 1196 2363 pedibus
1206 2309 1366 2361 petere
1385 2292 1575 2362 coegit:

539 2375 624 2441 qui
638 2368 847 2437 acephali
860 2383 963 2416 tam
974 2367 1138 2413 aeriter
1154 2360 1545 2430 petebant‘caput.
1631 2409 1636 2414 .

328 2440 661 2513 Evagantibus
674 2439 835 2488 Patriae
846 2435 1015 2484 limites
1032 2432 1237 2482 Tartaris
1262 2425 1464 2496 praefixit
1482 2433 1742 2494 terminos,

605 2519 805 2558 venatus
816 2499 1112 2572 palabundos
1124 2495 1184 2548 ad
1193 2494 1310 2547 fines
1321 2497 1509 2548 Daciae:

302 2583 353 2634 &
369 2582 453 2650 qui
467 2594 561 2628 ceu
582 2576 762 2626 Leones
774 2569 1022 2622 funestum
1032 2567 1202 2635 Regno
1212 2564 1520 2617 minabantur
1529 2562 1748 2617 Martem
1759 2600 1780 2628 ‚

409 2662 466 2698 ut
476 2644 641 2713 galeati
659 2641 698 2692 le
736 2658 841 2690 ores
853 2638 1165 2694 Mercurium
1180 2629 1385 2701 pedibus
1394 2629 1673 2700 prodidere:

517 2710 674 2775 utq'ue
689 2657 875 2777 §ligitivi
885 2705 1012 2756 saluti
1022 2705 1224 2772 propriae
1234 2698 1526 2751 consulerent
1538 2735 1558 2762 ,

338 2779 552 2836 inusitata
563 2777 833 2830 liberalitate
843 2790 1024 2824 aurum
1033 2787 1120 2839 pro
1135 2769 1361 2837 sanguine
1373 2766 1705 2836 propinarunt,

358 2850 438 2901 Ne
452 2845 568 2897 vero
578 2848 730 2897 aureis
749 2838 1021 2893 eorundem
1029 2836 1207 2906 pedicis
1224 2833 1730 2900 victoriatardaretum

250 2917 434 2976 &fatua
447 2914 537 2965 h‘ac
549 2917 648 2963 auri
662 2913 773 2966 luce⁴
783 2914 826 2959 in
839 2927 921 2959 mo
928 2912 1007 2958 rtis
1019 2904 1235 2957 tenebras
1246 2906 1480 2955 exercitus
1496 2900 1843 2957 deduceretur:

459 2999 645 3032 novam
663 2974 976 3030 alchimiame
988 2974 1114 3025 coelo
1129 2970 1306 3023 doetus
1317 2971 1597 3022 LAmsLAus
1607 3005 1627 3033 ,

457 3053 738 3103 orationum
745 3045 805 3109 fla
812 3048 959 3098 minis
968 3048 1014 3096 in
1027 3039 1200 3111 lapides
1211 3041 1420 3093 mutavit
1437 3054 1629 3091 aurum.

1924 3101 1998 3157 fe-
