2075 3292
108 38 179 92 16
884 24 1239 96 ἓὲἓέΧΟΧὲἒὲ

376 118 455 172 Sic
467 114 525 168 ad
535 113 722 182 justitiae
734 115 951 183 rigorem
959 110 1259 182 quandoque
1271 116 1485 163 armatur
1495 113 1729 180 iniquitas,

241 191 370 247 Hinc
382 187 469 243 ubi
479 185 732 238 bonorum
742 180 977 232 succrevit
990 198 1134 232 amor
1143 179 1654 254 bonumaequumcjue
1663 185 1871 245 amanti,

531 248 690 302 infelix
703 248 872 302 lolium
881 247 1134 316 inspersere
1145 263 1416 317 pravorum
1429 245 1541 297 odia
1551 283 1570 312 ‚

511 316 641 387 apud
657 314 908 386 quosdam
921 316 1158 384 praecipue‘,
1177 328 1427 385 magnates
1438 329 1546 365 nata
1563 328 1584 377 3

610 389 695 453 qui
705 399 760 435 ut
771 380 943 434 steriles
953 382 1333 435 dominabantur
1342 399 1518 435 avenae.

362 453 682 525 Expe&andu
690 469 741 502 m
752 466 917 502 tamen
927 464 1126 519 tempus
1137 447 1293 502 melfis
1301 466 1644 519 opportunum
1658 468 1759 505 rata

343 523 648 578 diffimulavit
659 520 760 570 haec
771 522 936 569 omnia
948 518 1158 587 prudens
1174 518 1319 588 Regis
1328 522 1503 586 optimi
1514 536 1770 572 Monfisrm.

337 598 474 649 novis
482 593 600 663 quin
608 591 761 640 etiam
770 585 1018 638 favoribus
1028 584 1328 655 exasperatos
1337 588 1529 638 animos
1541 590 1792 658 mitigavit.

538 659 722 725 Sopivit
738 655 836 705 hoc
846 672 952 705 rore
964 691 980 715 ‚
993 671 1088 704 non
1097 654 1489 705 extinxitincendi
1495 674 1599 705 um.

543 723 753 777 Scintillae
772 725 847 773 eni
858 740 906 772 m
924 722 1188 791 gliscebant
1213 719 1304 774 sub
1322 723 1583 774 cineribus:

212 815 269 853 ut
286 804 331 852 in
341 796 506 852 abdito
518 806 897 849 maturescerent
906 790 1018 840 flam
1028 806 1120 842 mae
1132 789 1344 840 demum
1356 793 1398 841 in
1411 807 1476 858 pu
1484 789 1669 842 blicum
1677 807 1929 860 erupturae.

562 864 912 913 Intereatamen
925 859 973 909 ὃς
987 857 1094 909 suas
1111 861 1241 908 auxit
1254 862 1378 910 vires
1389 862 1540 908 virtus
1551 895 1568 920 ,

540 926 673 981 tanto
683 925 927 978 robustior
936 924 1151 993 posteain
1162 926 1331 976 lucem
1344 925 1607 994 proditura.

330 1000 510 1053 Comis
519 1014 635 1069 erga
644 1012 818 1045 omnes
833 991 1094 1055 affabilitas,
1110 993 1423 1062 constansque
1439 991 1624 1045 civium
1634 1010 1790 1051 amor,

120 1068 315 1142 profusa
330 1072 379 1120 in
397 1082 580 1137 egenos
599 1061 851 1133 liberalitas
867 1098 885 1124 ,
906 1060 1248 1131 splendidaque
1265 1065 1309 1111 in
1323 1061 1445 1114 bene
1461 1065 1656 1113 meritos
1671 1059 1997 1114 munificentia
2011 1101 2031 1127 7

665 1127 919 1199 largiffima
929 1134 974 1179 in
991 1127 1141 1180 sacras
1152 1129 1276 1180 aedes
1287 1133 1434 1197 pietas
1444 1165 1462 1191 a

381 1199 720 1270 assidufimque
732 1196 1118 1274 sui-pervincendi
1131 1233 1148 1258 ,
1167 1198 1220 1248 &
1237 1194 1746 1264 perficiendistudium
1758 1234 1778 1262 ,

594 1286 696 1320 rara
707 1282 954 1336 regiarum
965 1279 1206 1316 mentium
1216 1279 1500 1314 ornamenta
1511 1298 1528 1326 ,

657 1336 806 1386 animi
812 1335 909 1410 que
922 1331 1164 1384 Caelisnati
1179 1346 1502 1381 monumenta

586 1407 802 1459 maxima
818 1400 1063 1468 sumpsere
1076 1397 1224 1449 indies
1236 1402 1533 1449 incrementa
1542 1415 1559 1449 :

617 1471 767 1540 atejue
778 1473 823 1519 in
842 1467 970 1536 septa
981 1467 1118 1536 spinis
1130 1467 1217 1517 lilia
1225 1464 1496 1518 efflortffire.

439 1543 558 1596 Non
568 1554 732 1591 tamen
744 1541 755 1587 i
761 1535 926 1587 dcirco
939 1534 1219 1586 dimiserunt
1228 1532 1484 1602 suosspinae
1496 1531 1715 1586 aculeos.-

392 1612 510 1680 quin
520 1611 669 1660 etiam
678 1624 797 1659 cum
807 1602 1009 1656 floribus
1019 1606 1219 1671 irrigatae
1228 1601 1310 1653 sua
1319 1616 1613 1655 >exacuerunt
1625 1617 1778 1653 arma.

331 1678 433 1731 Ubi
447 1677 505 1728 na
512 1693 663 1747 mque
674 1676 793 1725 vitiu
801 1689 854 1723 m
862 1671 924 1722 ad
934 1669 1194 1724 robustam
1203 1669 1463 1721 adoleverit
1476 1671 1807 1722 maturitatem
1816 1705 1836 1733 ,

400 1744 573 1797 crescit
592 1739 848 1796 clementia
856 1741 1017 1802 furor,
1041 1756 1213 1790 amore
1226 1742 1292 1788 ira
1303 1774 1323 1801 .‚
1339 1741 1761 1807 virtuteimpietaS.

652 1811 713 1862 Et
728 1808 872 1876 hujus
882 1808 953 1858 illa
969 1808 1119 1858 demu
1129 1825 1181 1871 m
1195 1807 1384 1873 Scopus
1394 1806 1487 1860 est:

743 1878 789 1927 in
800 1893 956 1945 quem
967 1874 1049 1925 sua
1060 1874 1146 1924 tela
1158 1873 1433 1939 ejaculetur.

475 1947 807 2002 Occasionem
816 1942 992 1996 obtulit
1004 1940 1285 2011 pientissima
1297 1942 1443 2011 Regis
1453 1939 1675 1994 Charitas
1684 1973 1704 2001 ,

701 2031 757 2067 ut
766 2009 966 2081 perfidia
978 2012 1174 2061 clavum
1193 2008 1442 2061 obtinente
1453 2046 1471 2073 2

756 2082 905 2147 impia
916 2078 999 2130 fibi
1015 2075 1446 2132 velificarentodia.

136 2159 286 2214 Dum
293 2159 426 2209 enim
435 2152 671 2223 suppetias
682 2148 859 2217 Angliae
869 2163 1022 2214 opem
1035 2146 1145 2196 Dan
1152 2162 1301 2195 orum
1318 2144 1592 2211 imploranti
1605 2143 1726 2198 ferre
1743 2140 2018 2198 decrevisset
2027 2181 2048 2210 ,

522 2217 884 2287 expeditionem
898 2213 1005 2266 belli
1016 2211 1268 2263 commifit
1278 2210 1406 2262 Olao
1413 2210 1543 2262 fratri
1553 2211 1659 2269 suo,

505 2290 601 2341 Hic
610 2284 725 2339 vero
735 2287 803 2334 im
809 2280 964 2350 proba
972 2297 1088 2348 regn
1094 2277 1202 2328 andi
1213 2277 1395 2329 illed'tus
1410 2277 1674 2348 cupiditate

719 2355 768 2403 in
777 2351 928 2401 fratris
938 2349 1200 2416 pemiciem
1210 2349 1352 2407 vertit
1362 2364 1521 2399 arma:

137 2428 337 2503 quando
347 2423 549 2480 infensos
557 2423 847 2495 aequitati,ac
854 2419 1013 2484 pietati
1022 2415 1582 2486 procereswenalemque
1591 2414 1655 2467 ad
1662 2413 1843 2487 flagitia
1852 2417 2053 2485 plebem

336 2541 339 2543 a
698 2485 925 2540 adversus
934 2484 1126 2554 Regem
1136 2484 1422 2536 concitavit.

274 2567 347 2618 Ut
355 2563 539 2632 sceptra
547 2553 730 2612 facilius
738 2561 784 2607 in
796 2549 999 2606 turbido
1011 2550 1265 2620 piscaretur
1273 2568 1421 2602 aureo
1434 2549 1714 2604 ambitionis
1725 2553 1876 2605 hamo
1887 2571 1902 2606 z

497 2629 547 2680 ἃ
557 2628 670 2681 scele
677 2623 839 2678 stafibi
848 2620 1017 2673 fraude
1026 2623 1117 2671 iter
1133 2618 1357 2670 sterneret
1365 2617 1429 2670 ad
1442 2619 1621 2671 solium
1633 2655 1652 2682 ,

775 2689 915 2763 quod
924 2689 1059 2740 illum
1068 2687 1169 2752 jure
1181 2686 1414 2756 fugiebat.

509 2767 582 2818 Ut
592 2777 757 2815 autem
766 2759 885 2812 boni
899 2775 996 2808 non
1006 2754 1287 2808 solentfacsse
1299 2755 1421 2807 mala
1429 2752 1653 2823 suspicari
1660 2765 1681 2815 3

311 2839 561 2905 integrum
567 2832 719 2882 fratris
728 2831 954 2879 animum
964 2823 1082 2886 effe,
1099 2822 1795 2893 persuaserat·fibivi1tusinnoc
1804 2834 1876 2873 ua.

222 2903 456 2976 Adeoque
467 2901 613 2955 rebus
622 2903 668 2949 in
679 2896 844 2966 Anglia
857 2891 1131 2963 benegestis
1148 2929 1166 2954 ,
1189 2895 1233 2942 in
1240 2907 1436 2961 partem
1446 2892 1604 2960 gloriae
1615 2888 1804 2942 Olaum
1812 2903 1973 2942 vocat.

644 2964 814 3019 Fidem
824 2961 1024 3031 spondet
1038 2958 1247 3030 perfidus
1257 2959 1385 3012 fratri
1398 2957 1562 3013 hostiS.

712 3034 885 3084 inune
895 3067 912 3096 ‚
932 3027 1118 3092 &fide.,
1138 3027 1219 3082 led
1236 3032 1319 3081 cui
1328 3065 1346 3093 ,
1364 3026 1500 3080 vide:

1898 3111 2053 3168 quan-
