2075 3292
778 74 785 107 ·‘
843 70 1203 146 ἓᾷἓΚΟΧὶΞὲῧ
1371 145 1376 148 ,
1884 77 1961 145 7¹·

404 164 701 233 Nullaporio
721 168 894 216 mentis
905 169 1125 235 evagatio
1142 166 1295 214 oranti
1305 162 1593 220 obfistebatt

659 232 739 283 nisi
750 248 858 302 quae
873 232 933 282 ad
943 232 1129 283 coelum
1140 245 1338 300 raperet.

306 300 398 353 lllic
407 315 572 352 autem
583 303 699 352 inter
709 304 900 371 negotia
909 301 1062 368 Regni
1083 299 1338 351 distrahere
1356 297 1402 351 se
1418 301 1680 369 gaudebat.

417 385 472 419 ut
485 368 562 420 vel
571 368 678 419 inde
688 368 910 437 proderet
924 405 939 428 ,
952 372 1037 420 ubi
1057 365 1300 418 thesauros
1309 365 1605 423 condidiffet.

419 438 522 504 Qi
536 454 594 487 ne
605 436 725 507 quid
739 451 1012 506 paterentur
1022 479 1038 501 ‚
1071 435 1174 488 imo
1187 451 1238 485 ut
1249 452 1536 504 augerentur
1551 461 1566 498 5

567 523 656 555 cor
667 504 929 556 identidem
944 506 1001 554 ad
1018 504 1191 553 Deum
1203 503 1428 555 elevabat.

290 568 461 643 *Atq'ue
478 570 596 622 adeo
617 588 671 624 ut
687 573 957 624 naturalem
971 569 1186 621 siderum
1199 569 1401 624 cursum
1411 573 1424 621 i
1431 575 1706 635 mitaretur3

416 657 475 690 eo
487 640 762 708 rapiebatur
771 657 938 690 centro
948 677 965 701 ,
983 642 1029 689 in
1040 654 1141 708 quo
1157 655 1414 708 acceperat
1427 655 1535 689 ortu
1544 656 1615 693 m.

400 708 455 758 In
469 708 566 758 hoc
588 724 750 759 tamen
762 708 1002 777 singularis
1014 744 1030 769 ,
1051 705 1242 776 aliisque
1255 709 1426 758 clarior
1436 707 1570 757 stellis
1584 729 1598 758 ι

425 775 563 844 quod
573 777 741 845 procul
754 776 918 829 abierit
932 777 1120 844 {emper
1134 777 1193 828 ab
1206 776 1329 826 astro
1348 777 1574 829 Veneris:

714 860 769 895 ut
777 845 948 911 procul
959 841 1070 894 eliet
1083 845 1109 894 ‘a
1120 844 1318 896 nebulis.

420 910 591 963 Martis
601 912 890 965 coelibatum
904 918 1166 962 communi
1180 911 1383 980 praetulit
1392 910 1587 962 Lucinae

749 980 876 1030 casta
889 979 1040 1031 castra
1050 979 1255 1032 secutus

356 1043 416 1095 Et
427 1043 536 1096 ideo
547 1049 588 1097 ei
598 1045 787 1116 semper
800 1047 1004 1098 candida
1015 1052 1058 1097 in
1071 1049 1324 1116 amplexus
1345 1050 1437 1097 ruit
1447 1044 1653 1097 Victoria
1665 1083 1681 1103 ,

118 1107 247 1174 Qae
258 1108 434 1163 Paridis
451 1113 641 1166 recusat
660 1118 883 1167 dextram
893 1153 910 1177 .,
932 1116 1246 1184 Martemque
1265 1115 1560 1167 muliebrem
1571 1115 1897 1168 abominatur.

457 1182 664 1251 Duplici
673 1183 776 1250 jure
795 1183 976 1237 coelibis
987 1185 1085 1234 hoc
1100 1184 1200 1234 esto
1214 1187 1509 1235 encomium
1529 1196 1545 1230 ε

476 1268 536 1300 ex
549 1268 669 1302 terra
679 1251 867 1303 coeleste
880 1251 995 1303 fecit
1005 1255 1312 1320 pomoerium
1330 1251 1512 1302 castitas
1523 1263 1544 1311 3

392 1318 607 1386 coelique
623 1320 906 1390 inquilinam
916 1325 961 1369 in
972 1335 1117 1370 terras
1134 1323 1453 1371 Divinitatem
1470 1321 1624 1371 traxit.

495 1385 656 1437 hstato
667 1389 796 1438 certe
809 1390 957 1437 veteri
970 1384 1151 1438 dlxiffet
1162 1388 1295 1438 Plato
1309 1389 1510 1440 Deum:

583 1454 617 1503 fi
627 1450 810 1506 vidiffet
832 1454 1083 1506 connubio
1095 1454 1357 1508 abstinente
1365 1472 1432 1505 m.

430 1520 547 1571 Satis
557 1537 728 1573 autem
738 1559 755 1584 ,
775 1522 824 1573 ἃ
836 1523 945 1591 plus
955 1559 972 1584 ,
989 1521 1279 1592 quamsatiS,
1289 1520 1380 1573 effe
1392 1516 1572 1591 potest:

172 1581 306 1651 quod
324 1584 571 1641 illecebras
590 1592 844 1658 Cupidinis
864 1594 976 1642 caeci
991 1591 1309 1643 Alexandrino
1317 1606 1458 1641 conte
1466 1587 1660 1656 mpserit
1671 1587 1820 1638 oculo
1837 1599 1856 1642 z
1917 1580 1927 1594 ’

296 1654 400 1716 im&
411 1656 532 1725 plus,
543 1658 698 1729 quam
713 1658 1049 1719 Alexandrino,
1059 1677 1118 1710 ne
1128 1659 1290 1710 videre
1302 1656 1510 1728 quidem
1521 1656 1758 1721 voluerit5

400 1783 403 1786 Α
474 1743 585 1798 quae
596 1742 812 1778 amatam
822 1723 1006 1795 possent
1019 1743 1260 1779 excaecare
1275 1729 1550 1796 puritatem.

206 1796 355 1845 Aures
367 1798 485 1853 item
496 1813 594 1847 non
604 1795 704 1847 fato
725 1794 917 1847 Niobes
936 1832 954 1858 .,
984 1811 1030 1846 at
1041 1810 1138 1847 arte
1152 1794 1233 1846 sua
1246 1793 1504 1845 duraverat
1520 1794 1567 1842 in
1579 1789 1693 1841 saxu
1702 1803 1783 1853 ηις

265 1863 521 1932 Siquando
541 1865 780 1916 molliores
797 1861 920 1913 forte
939 1865 1163 1914 Sirenum
1182 1863 1422 1913 cantilenae
1434 1857 1772 1929 personabant.

699 1931 1063 1982 Divorumsane
1074 1934 1224 1982 virtus
1234 1929 1304 1981 est
1314 1964 1333 1992 .,

351 2025 362 2032 -’
414 1998 596 2067 Regios
606 1998 1001 2066 intersplendores
1020 2015 1115 2049 non
1128 2000 1296 2065 impeti
1310 1997 1381 2046 his
1397 1995 1617 2048 umbris:

395 2097 399 2101 -
428 2066 612 2135 quibus
620 2066 814 2133 plurimi
824 2069 970 2116 etiam
982 2083 1111 2117 extra
1120 2066 1244 2116 aulas
1261 2064 1593 2117 obscurantur.

248 2131 543 2191 Candoriste
556 2137 601 2184 in
618 2133 801 2184 violam
813 2131 1100 2202 plerumque
1113 2131 1495 2202 amethystinam
1506 2127 1751 2184 desinebat
1765 2149 1780 2179 =

424 2205 539 2272 quia
559 2200 780 2253 modesta
788 2200 855 2252 sui
867 2199 1145 2252 deinissione
1155 2199 1200 2251 se
1219 2197 1545 2251 custodiebat:

547 2287 606 2319 ne
618 2272 735 2320 inter
744 2269 856 2319 aulae
866 2269 1079 2321 incendia
1090 2268 1140 2319 fu
1148 2285 1259 2319 mos
1270 2282 1539 2335 pateretur5

341 2336 477 2391 sedin
492 2337 697 2390 tenebris
708 2336 986 2388 insidiarum
997 2335 1364 2390 carbunculum
1384 2337 1672 2389 imitaretur.

460 2408 533 2458 An
545 2421 714 2457 autem
726 2405 754 2455 ‘a
764 2408 878 2456 vino
889 2441 907 2467 3
931 2405 1070 2474 quod
1090 2407 1328 2474 germinat
1340 2405 1549 2470 virgines
1564 2439 1583 2467 ‚

573 2492 688 2526 eam
697 2472 944 2525 imbiberit
952 2472 1065 2524 casti
1073 2475 1248 2523 moniae
1259 2469 1487 2533 laudem3

585 2561 643 2594 an
654 2542 680 2594 a
691 2542 869 2593 Cerere
884 2539 1184 2593 Divinissima
1195 2537 1499 2592 candorem?

340 2615 465 2664 Inter
473 2610 776 2680 problemata
788 2606 1076 2662 discufferint
1087 2612 1276 2661 virtutis
1291 2608 1447 2674 hujus
1459 2622 1689 2663 amantes·

171 2682 295 2735 Haec
314 2681 542 2734 famelico
553 2697 719 2731 rerum
738 2680 1061 2740 Divinarum,
1077 2675 1521 2728 fastidiuminduxit
1531 2688 1865 2734 terrenorum:

346 2751 452 2802 haec
465 2747 673 2799 lacteam
683 2750 898 2817 puritatis
909 2750 1044 2799 viam
1054 2760 1322 2816 purpurato
1336 2746 1541 2812 praebuit
1560 2745 1696 2815 Regi.

389 2820 492 2885 Qi
502 2833 758 2886 nunquam
768 2815 891 2866 satur
901 2852 920 2878 ‚
938 2815 1019 2867 nisi
1031 2815 1103 2866 vel
1112 2818 1158 2865 in
1168 2813 1295 2865 coelo
1304 2850 1321 2870 ,
1343 2812 1417 2863 vel
1429 2813 1490 2865 de
1503 2813 1630 2866 coelo
1641 2850 1661 2878 ‚

638 2901 760 2954 pane
771 2902 1008 2936 nimirum
1017 2900 1133 2935 vivo
1144 2896 1397 2935 recreatus·

738 2954 882 3004 Unde
892 2951 995 3070 guo
1004 2952 1109 3021 plus
1118 2949 1295 3004 edebat
1304 2986 1323 3012 .,

643 3018 702 3071 eo
721 3022 890 3089 plurae
928 3020 1041 3074 ebat
1059 3023 1244 3073 virtutis
1255 3035 1416 3086 opera.

317 3091 439 3160 Qo
449 3087 668 3155 fastum,
681 3104 737 3141 ut
746 3086 866 3144 cum
877 3092 1165 3144 etiamunus
1174 3091 1220 3142 in
1231 3085 1488 3156 publicum
1498 3085 1738 3154 prodiret,
1930 3158 1940 3166 ,

1893 3172 1986 3209 vit·
