2055 3292
829 22 1177 94 QMOXQ
1908 41 1989 78 101

494 113 754 168 Ceadvallst
762 111 1020 167 fulminato
1030 153 1045 174 ,
1067 115 1249 165 levatus
1263 110 1382 162 estin
1397 112 1563 168 altum.

605 185 698 235 Sed
709 184 812 234 alias
821 182 1023 253 quoque
1034 178 1247 232 secundis
1263 181 1437 232 avibus

537 269 598 301 ex
608 251 880 321 labyrintho
890 269 987 300 non
996 248 1298 301 unofeliciter
1306 244 1529 301 evolavit.

86 319 215 386 Qia
226 318 453 371 Crucem
475 320 680 370 Domini
693 338 790 370 non
809 317 966 369 minsis
984 321 1028 367 in
1048 315 1199 368 corde
1212 353 1228 377 a
1246 315 1402 384 quam
1422 319 1467 366 in
1488 316 1716 369 manibus
1732 314 1993 375 deferebat.

298 388 418 438 Haec
428 388 485 437 illi
495 392 539 437 in
552 385 696 439 rebus
710 387 868 439 dubiis
887 386 936 435 &
947 387 1144 436 scutum
1160 421 1176 444 7
1199 386 1247 433 ὅ(
1262 384 1474 433 anchora
1483 379 1669 454 semper
1682 385 1787 440 fuit.

152 453 293 504 Hanc
304 454 553 506 ambobus
567 455 776 506 brachiis
787 454 940 523 quam
952 469 1220 504 reverenter
1239 489 1256 512 ,
1278 467 1379 500 tam
1397 452 1695 503 confidenter
1706 458 1926 522 arripuit:

158 518 275 572 cum
284 521 483 574 lacerata
499 522 715 573 hostium
734 522 898 572 furore
910 519 1206 572 Northumb
1214 524 1276 569 ria
1287 517 1347 568 ad
1363 518 1530 570 incitas
1540 518 1642 587 jam
1653 520 1902 575 declinaret
1917 538 1933 577 ἔ

529 591 579 640 ὅ(
591 590 704 640 vero
717 594 865 640 etiam
875 606 1101 657 expertus
1114 587 1181 637 est
1193 586 1551 655 sospitatricem,

525 657 687 724 Hujus
698 662 816 708 item
826 656 1011 709 viribus
1021 660 1255 706 animatus
1267 692 1284 717 .,
1299 655 1349 706 ὅ(
1360 651 1558 718 auctus,

517 724 635 776 cum
647 730 691 775 in
706 724 902 776 decreto
913 742 1086 792 pugnae
1098 739 1279 790 campo
1293 722 1589 776 instarlabari

631 812 743 844 eam
754 793 846 844 suis
855 793 947 861 ipse
961 792 1188 843 manibus
1199 788 1443 857 statuiffet5

654 857 875 911 amillam
888 863 1095 911 Patriam
1112 877 1224 908 recu
1230 864 1441 926 peravit5

531 943 587 979 ut
601 928 765 979 erecto
778 932 838 978 eti
844 946 926 978 am
938 942 1042 978 ante
1056 944 1302 979 certamen
1317 926 1564 994 trophaeo,

657 996 972 1064 triumphum
985 994 1147 1061 postea
1157 994 1427 1045 celebraret.

248 1059 428 1112 Exinde
441 1061 606 1114 ardens
618 1064 796 1134 alioqui
809 1082 912 1114 rem
928 1062 1255 1114 Christianam
1269 1060 1540 1130 proferendi
1552 1058 1846 1115 defiderium

684 1135 730 1182 in
740 1150 813 1182 eas
824 1130 1023 1182 tandem
1035 1130 1259 1181 flammas
1274 1134 1429 1198 erupit
1440 1142 1460 1190 -3

424 1212 672 1251 utmunus
688 1218 787 1250 non
806 1198 1063 1269 indignum
1076 1198 1157 1249 sua
1172 1197 1384 1248 crederet
1402 1196 1654 1263 Maiestate
1666 1235 1684 1263 ,

571 1266 772 1318 Antistiti
787 1267 844 1316 ad
856 1266 1103 1335 populum
1120 1266 1270 1323 verba
1285 1268 1478 1316 facienti

646 1339 957 1402 interpretem
977 1331 1173 1384 assistere
1183 1335 1229 1385 se
1247 1335 1465 1403 Regem:

450 1399 744 1468 quoplures,
769 1402 820 1453 &
838 1399 1027 1453 suavius
1039 1402 1151 1451 Deo
1168 1406 1238 1451 ani
1246 1402 1644 1466 maslucraretur‚

577 1472 857 1521 Coronatus
875 1468 966 1538 ipse
978 1473 1023 1519 in
1038 1469 1170 1520 coelis
1182 1467 1500 1522 coronandaS.

415 1534 537 1586 Non
556 1552 722 1589 tamen
732 1541 1017 1589 animorum
1027 1535 1187 1588 solum
1200 1575 1216 1599 ,
1243 1537 1322 1587 sed
1342 1537 1391 1588 ἃ
1404 1538 1697 1606 Regnorum

774 1604 901 1657 visus
912 1601 1078 1656 estelle
1093 1623 1317 1674 magnes:

643 1671 770 1724 dum
780 1690 990 1742 quatuor
1006 1674 1286 1742 linguarum
1295 1688 1461 1741 gentes

435 1738 480 1785 in
499 1739 789 1804 potestatem
799 1742 937 1792 suam
949 1746 1123 1792 virtute
1135 1778 1152 1804 7
1171 1759 1272 1791 non
1290 1745 1337 1790 vi
1353 1743 1578 1809 pertraxit
1592 1740 1677 1790 ita:

347 1816 402 1852 ut
414 1805 500 1855 ubi
512 1807 669 1876 Reges
681 1809 797 1859 alios
807 1827 903 1858 non
915 1808 1045 1859 secus
1063 1846 1080 1870 7
1100 1809 1257 1878 quam
1269 1809 1509 1870 terricula⁷
1521 1806 1745 1877 fugerent
1755 1842 1773 1871 ‚

242 1933 250 1940 .
364 1891 367 1894 ’
563 1876 624 1923 ad
636 1876 768 1926 hunc
785 1877 917 1926 velut
929 1877 988 1925 ad
1001 1873 1188 1945 asylum
1200 1877 1526 1927 convolarent.

184 1930 307 1982 Vim
319 1951 497 2006 nempe
509 1941 650 1993 nae’ca
669 1943 738 1993 est
759 1943 1098 1994 admirandam
1117 1942 1295 1994 sociata
1316 1943 1585 1995 clementiae
1598 1942 1930 1999 LIBERALITAS.

771 2014 914 2063 Aurei
927 2011 994 2061 est
1009 2010 1148 2061 instar
1161 2011 1316 2060 hami:

625 2094 727 2146 quo
741 2094 925 2129 mentes
940 2081 1004 2128 hu
1014 2097 1165 2128 manae
1178 2081 1446 2146 capiuntur.

429 2141 648 2196 Emicuit
669 2145 772 2197 haec
786 2150 830 2195 in
844 2149 1093 2197 OSWALDI
1105 2146 1154 2196 δε
1169 2145 1395 2198 manibus
1405 2185 1423 2211 .,
1445 2146 1494 2197 ὅτ
1506 2145 1649 2199 vultu
1667 2184 1686 2212 ‚

767 2217 812 2263 in
820 2212 907 2262 star
923 2211 1148 2280 auspicati
1159 2212 1349 2273 fideris5

676 2279 977 2350 quocunque
991 2281 1034 2331 le
1055 2278 1446 2334 circumferebat.

759 2348 964 2417 Optime
974 2352 1046 2399 eni
1055 2367 1104 2398 m
1114 2363 1316 2400 noverat
1326 2387 1340 2407 ,

608 2431 665 2467 ut
676 2416 948 2469 libertatem
959 2453 976 2480 ,
995 2415 1058 2467 [ic
1077 2417 1475 2472 LmfflAmATEM
1488 2459 1508 2486 ‚

708 2485 849 2537 bonis
861 2500 1092 2554 agnatam
1104 2481 1193 2535 effe
1205 2485 1435 2557 Regibus.

572 2553 782 2623 Utrique
795 2590 811 2615 ,
830 2570 887 2604 ne
897 2552 1018 2623 quid
1031 2569 1253 2622 unquam
1264 2554 1552 2622 decederet,

657 2619 706 2671 id
714 2620 837 2672 cum
846 2624 916 2690 pri
922 2624 1013 2673 mis
1028 2622 1432 2688 cautumvoluit3

704 2705 760 2739 ut
773 2686 864 2740 suis
877 2693 977 2740 auri
989 2688 1170 2758 cupido
1183 2689 1412 2742 manibus

641 2756 790 2808 ferrea
799 2773 1056 2828 nunquam
1066 2756 1276 2824 injiceret
1290 2758 1477 2811 vincula
1489 2794 1510 2825 ‚

754 2825 804 2876 &
815 2826 891 2877 vel
902 2830 1091 2878 eminus
1100 2829 1358 2894 imperaret
1374 2847 1388 2876 ε

801 2890 920 2946 cum
936 2896 1051 2947 mini
1058 2895 1136 2945 me
1146 2893 1200 2946 fit
1210 2894 1355 2958 liber,

526 2961 611 3028 qui
621 2958 783 3014 servus
795 2960 864 3012 est
873 2960 955 3014 {eu
964 2966 1160 3014 avaritiae
1178 3000 1196 3024 ,
1214 2963 1294 3014 seu
1310 2959 1593 3032 cupiditatis.

634 3029 801 3100 Longe
809 3034 941 3083 enim
949 3031 1089 3101 supra
1099 3031 1280 3103 vulgus
1288 3036 1501 3085 eminent
1510 3066 1528 3095 ,

1033 3096 1080 3151 C
1097 3116 1127 3151 c
1885 3108 2022 3164 De&-
