2075 3292
817 37 1180 108 ἓέἓὲῑΧοΧέξᾷἓ

324 122 500 178 “fructu
512 139 610 175 non
630 121 722 173 alio
736 157 762 185 ‚a
772 122 931 190 quam
943 139 997 174 ut
1011 122 1140 174 flecti
1152 139 1354 174 renuens
1365 122 1680 195 frangeretur.

576 191 753 241 Iteratis
770 191 932 241 Emco
943 189 1180 243 colliditur
1192 190 1351 258 praeliis
1363 227 1380 253 ,

247 257 330 313 sua
339 257 470 330 quasi
482 256 733 327 pertinacia
745 273 1095 311 coNsrANT1AM
1106 257 1249 325 hujus
1260 255 1370 308 effer
1382 274 1718 329 expugnatura
1727 301 1741 314 .

548 327 670 378 Saxa
680 325 859 377 diceres
869 327 1073 394 impingi
1092 328 1137 375 in
1148 323 1407 394 chalybem
1419 345 1432 373 .-

879 408 969 442 nec
982 394 1118 445 vane.

381 460 510 514 Mox
519 463 652 513 enim
669 460 746 512 illu
753 455 881 511 striffi
888 476 999 510 mus
1009 458 1120 510 fidei
1131 457 1163 509 s
1185 456 1353 511 lendor
1362 462 1592 514 emicuit:

718 543 822 598 quo
839 525 1047 579 illustrati
1065 527 1149 579 bar
1192 530 1253 578 ari

695 596 923 647 collanon
942 592 1077 646 citius
1096 594 1271 646 vizstori
1286 629 1304 657 ,

658 662 817 732 quam
827 661 1046 725 Christo,
1056 660 1364 731 supposuere.

551 730 729 783 Laetiti'a
751 746 917 789 tamen
938 732 1098 782 Emco
1115 747 1212 780 non
1229 728 1414 799 integra
1431 743 1448 782 t

509 802 595 870 qui
606 800 828 869 lacrymis
842 799 915 850 vel
930 799 976 849 in
996 798 1248 866 triumpho
1261 797 1462 848 madens
1472 834 1488 853 ,

624 866 878 918 infelicitati
897 868 1137 934 ingemuit
1147 881 1326 915 eorum
1338 900 1355 926 ,

533 936 618 1004 qui
626 936 777 1004 perire
790 933 1063 985 maluerunt
1073 969 1090 996 ‚
1110 931 1266 1003 quam
1277 931 1454 982 salvari.

310 1000 638 1053 Adamantem
656 1000 915 1055 haedorum
925 1000 1148 1071 sanguine
1166 1000 1435 1070 eliquatum
1446 996 1679 1053 crederes·

456 1069 548 1122 Sed
566 1069 596 1119 ὃ
612 1068 848 1121 invidiam
858 1073 1021 1123 virtuti
1034 1069 1484 1136 {Enipei-inimicam
1497 1068 1510 1122 l

491 1139 638 1189 ER1c1
651 1136 865 1206 victoria:
878 1153 1005 1208 quot
1017 1136 1175 1188 hostes
1187 1135 1482 1186 domuerant
1492 1170 1511 1198 ,

722 1204 935 1258 totidem
952 1204 1221 1256 excitarunt
1233 1248 1250 1270 ,

413 1270 546 1324 tanto
563 1271 766 1343 quidem
784 1272 969 1342 pejores
980 1309 997 1334 ,
1019 1270 1206 1342 quanto
1224 1270 1563 1322 familiariores,

224 1339 570 1410 Antefignanus
585 1345 817 1392 omnium
828 1377 845 1402 ,
868 1340 1023 1391 nescio
1035 1354 1143 1409 quae
1154 1355 1214 1389 ex
1223 1356 1345 1389 orco
1356 1337 1477 1389 furia
1492 1373 1509 1400 ,
1529 1335 1770 1404 Magnus:

656 1406 831 1477 dignus
846 1409 939 1457 hoc
956 1421 1321 1476 cognomento.-

256 1487 303 1525 at
312 1489 411 1524 non
431 1473 562 1526 aliter
573 1510 590 1538 ,
610 1475 766 1545 quam
778 1473 952 1527 aetern'a
966 1491 1050 1544 per
1060 1473 1181 1527 orbe
1190 1493 1241 1525 m
1251 1472 1295 1524 fa
1302 1471 1383 1523 ma
1393 1468 1720 1524 HerostratUS.

345 1542 443 1593 Hic
457 1543 629 1609 palmis
639 1539 881 1611 cupressos
900 1542 1099 1593 destinat
1115 1540 1382 1611 inspergere
1390 1536 1598 1591 funestas
1608 1573 1628 1601 ‚

353 1609 403 1659 ὅ(
420 1609 620 1661 victoris
636 1610 844 1679 gloriam
855 1610 1306 1679 ejusdemsanguine
1317 1607 1570 1661 obliterare
1586 1624 1600 1657 t

248 1673 312 1727 fic
329 1691 495 1729 tamen
506 1681 653 1731 etiam
665 1714 679 1735 ,
703 1679 751 1729 ὅ(
765 1677 949 1749 magiS,
972 1678 1107 1731 velut
1121 1671 1394 1747 purpurisso
1405 1673 1729 1728 illustraturus,

651 1747 844 1798 Divinis
856 1745 1016 1798 aderat
1035 1749 1142 1815 pius
1151 1746 1257 1796 Rex
1269 1763 1282 1797 ε

667 1831 758 1866 nec
771 1830 932 1883 quaere
942 1853 956 1874 ,
977 1831 1033 1864 an
1053 1830 1141 1882 pro
1156 1829 1307 1864 more.

614 1882 815 1932 Palmati
836 1882 921 1935 sibi
935 1878 1135 1933 duxiflet
1145 1880 1329 1949 probro
1340 1915 1358 1942 ,

434 1944 688 2001 desultorio
702 1948 936 2000 duntaxat
946 1949 1080 2000 cultu
1094 1951 1303 2000 Numen
1318 1947 1546 1999 venerari.

403 2014 663 2085 ⁷Qidquid
679 2021 938 2087 egregium
951 2015 1139 2068 constat
1154 2016 1249 2066 hoc
1259 2014 1317 2066 de
1332 2015 1549 2083 Principe
1560 2049 1574 2070 ,

569 2082 618 2133 id
628 2088 886 2152 proprium
903 2089 1011 2136 vitae
1021 2084 1173 2135 totius
1184 2081 1333 2134 decus
1342 2081 1421 2133 est.

435 2153 583 2202 Sacris
592 2169 689 2203 non
695 2151 820 2203 dum
829 2152 1034 2221 peraetis
1045 2187 1061 2213 ‚
1082 2167 1220 2203 atrox
1232 2150 1364 2202 adest
1373 2164 1546 2201 rumor
1558 2183 1576 2211 ‚

744 2222 1001 2271 imminere
1014 2218 1214 2271 ficarios·

274 2283 731 2338 Dilabslnturcaeteri
752 2306 763 2339 ε
788 2286 914 2339 solus
936 2304 1062 2338 cum
1081 2287 1202 2338 Chri
1208 2284 1278 2337 sto
1289 2281 1464 2355 perstat
1474 2282 1662 2337 Ekrcus
1680 2302 1695 2337 t

294 2368 347 2405 ut
357 2356 442 2424 qui
451 2357 493 2405 ei
505 2354 673 2407 melius
683 2392 700 2418 ,
730 2354 887 2426 quam
900 2355 1032 2407 Plato
1042 2353 1301 2425 quondam
1313 2351 1606 2406 Antimacho
1617 2388 1636 2415 ,

642 2440 766 2475 unus
785 2418 898 2474 esset
916 2423 1056 2474 instar
1067 2425 1312 2475 omnium.

544 2490 598 2543 N
601 2508 655 2542 ec
666 2506 898 2543 movetur
914 2494 1200 2543 enormitate
1219 2487 1432 2558 periculi:

271 2559 355 2626 qui
364 2558 646 2625 periculum
661 2577 811 2612 omne
823 2557 1020 2612 dudum
1032 2558 1148 2611 infra
1166 2558 1321 2611 robur
1334 2559 1486 2612 suum
1502 2557 1726 2614 duceret:

540 2642 673 2679 ratus
690 2666 708 2693 ,
729 2643 785 2680 ut
794 2628 940 2682 scelus
952 2643 1055 2680 tuta
1066 2631 1217 2680 etiam
1228 2630 1405 2679 metuit
1417 2665 1435 2692 ‚

424 2691 490 2744 fic
502 2697 666 2748 virtuti
684 2715 775 2748 nec
784 2699 904 2748 inter
916 2694 1182 2748 discrimina
1192 2694 1554 2765 trepidandum.

592 2764 844 2834 Perstrepit
861 2764 1032 2817 infestis
1044 2767 1188 2815 armis
1196 2767 1391 2816 vicinia:

630 2851 728 2885 non
738 2847 901 2884 tamen
914 2833 1172 2885 stationem
1181 2831 1348 2885 deserit
1357 2869 1376 2894 ,

566 2916 649 2953 aut
657 2905 798 2971 pium
816 2900 1120 2971 oblequium
1133 2900 1385 2970 abrumpit
1403 2936 1422 2964 ‚

734 2967 941 3021 sanctior
955 2972 1246 3039 Protogenes
1256 3006 1275 3031 ‚

259 3055 466 3093 manum
483 3055 581 3090 non
597 3054 876 3093 remoturus
889 3037 917 3091 ἐὶ
932 3037 1098 3093 tabula
1109 3076 1123 3099 ‚
1141 3036 1216 3091 vel
1233 3039 1280 3090 in
1298 3034 1464 3091 medio
1475 3035 1697 3091 hostium
1710 3057 1728 3104 5

1895 54 1955 112 43

1826 3102 1958 3160 dum
