2055 3292
772 17 1133 92 QXOXQ
1858 29 1942 100 8‘7‘3*

384 123 552 181 praeter
560 107 843 177 opInionem
853 108 880 158 ὲ
894 108 1065 162 mediis
1074 124 1335 181 emergunt
1376 118 1574 171 ericulis'.
1614 141 1617 143 ·

259 178 379 247 Thy
383 197 493 230 mus
503 213 521 239 .,
532 194 695 227 amara
704 176 807 227 licet
818 175 968 229 herba
977 214 996 242 ,
1017 176 1143 228 confi
1150 179 1320 230 ciendo
1351 189 1470 236 ervit
1480 187 1605 239 melli
1614 199 1635 250 ὅ

231 248 311 305 sed
321 245 570 301 &fruetus
582 244 776 311 apiculae
785 242 930 301 dulcis
948 244 1017 295 est
1027 281 1046 307 .,
1063 245 1203 313 cujus
1214 249 1408 302 aculeus
1418 252 1487 303 est
1509 255 1727 311 mordax,

305 315 469 368 Habet
481 311 631 366 suum
643 312 693 362 ὀί
715 310 967 362 adversitas
986 311 1080 363 mel
1095 347 1114 375 ,
1135 313 1275 366 suam
1287 315 1599 375 dulcedinem
1610 348 1628 385 5
1650 369 1652 371 .

216 431 222 434 ,
535 382 582 431 in
593 396 749 450 quam
759 377 803 430 se
811 379 994 430 fortiter
1003 380 1197 432 tolerata
1207 382 1408 437 resolvit.

257 447 401 503 Liber
413 450 559 518 igitur
567 449 742 517 quinos
752 445 979 514 perdurat
997 465 1140 499 annos
1159 453 1204 499 in
1219 453 1350 522 Syria
1363 453 1648 510 Luoovicus
1656 495 1677 524 ,

644 532 741 565 non
752 518 800 565 in
810 529 925 582 pace
937 551 955 576 ‚
974 532 1070 566 non
1084 519 1263 570 otiosus
1273 553 1291 581 ,

397 598 554 655 quem
563 579 622 632 ad
629 598 818 652 pugnas
828 618 846 643 ‚
867 582 1113 634 &labores
1122 590 1273 638 virtus
1283 585 1527 643 educavit.

452 711 455 712 ⁷
789 649 987 701 Salutari
997 652 1161 720 pugna

302 715 510 773 infideliu
519 735 571 768 m
581 717 751 768 animis
762 717 1090 790 expugnandis
1100 723 1308 773 intentus
1324 737 1423 775 erat
1441 720 1631 778 affidue.

536 785 589 836 N
593 782 642 834 isi
653 788 814 835 otium
824 785 1083 854 quoddam
1093 789 1251 840 dicere
1264 791 1376 841 velis
1386 826 1404 853 ‚

313 853 439 906 dum
459 851 718 904 melioriste
728 850 868 921 sylvis
885 888 903 915 ,
921 852 1136 922 saxisque
1148 858 1386 908 trahendis
1398 856 1631 928 Orpheus

480 918 610 980 lusit,
634 919 935 989 pulsavitque
945 921 1098 987 lyram
1118 926 1236 974 inter
1245 923 1423 976 delerta
1444 961 1462 988 .,

221 1007 277 1041 ac
287 987 483 1041 disertus
492 990 723 1038 cicuravit
739 986 861 1038 feras
877 992 1031 1041 verbo
1044 990 1226 1042 Divino
1241 1026 1259 1053 ,
1280 993 1329 1042 δε
1341 1009 1485 1061 rupes
1497 994 1718 1050 mollivit.

520 1063 607 1113 Du
617 1074 667 1106 m
676 1053 825 1106 castra
835 1092 852 1118 ,
878 1056 927 1105 ὅ(
938 1056 1083 1108 urbes
1095 1065 1422 1123 communiit,

321 1120 667 1192 Saracenosque
678 1140 801 1174 verae
809 1123 1043 1192 religionis
1055 1124 1242 1193 legibus
1253 1127 1638 1198 circumscripsit.

273 1186 475 1245 Vidiffies
486 1208 547 1242 ex
557 1192 691 1261 Rege
703 1227 720 1253 ‚
738 1191 790 1241 ὅ(
799 1194 948 1244 Duce
961 1191 1134 1244 militiae
1145 1194 1435 1261 Apostolum
1445 1197 1638 1249 factum
1648 1234 1667 1264 ‚

478 1258 541 1309 fic
550 1274 715 1309 tamen
725 1295 743 1321 ,
757 1273 812 1309 ut
826 1259 959 1309 miles
970 1256 1059 1311 effe
1071 1279 1169 1311 non
1181 1259 1424 1318 desineret.

424 1326 475 1376 In
489 1325 666 1377 Gallias
676 1341 840 1377 tamen
852 1341 905 1376 ut
915 1325 1086 1378 rediret
1097 1364 1114 1388 ‚
1128 1333 1272 1396 pietas
1285 1335 1496 1395 monuit3

266 1406 323 1444 ut
338 1391 632 1462 pientiffimae
648 1390 922 1445 Matrifiliali
936 1392 1173 1464 obsequio
1190 1396 1404 1465 postfata
1418 1415 1697 1467 parentaret.

842 1460 1020 1512 Interea
1034 1461 1100 1515 ibi

327 1526 636 1580 MAGNANIMl
649 1527 846 1579 titulum
864 1527 1128 1598 magnifici,
1139 1547 1195 1582 ac
1205 1528 1422 1585 munifici
1439 1537 1643 1588 nomine

417 1613 515 1648 non
527 1612 631 1648 tam
647 1611 963 1648 commutare
972 1598 1098 1649 visus
1109 1635 1123 1654 ,
1145 1598 1302 1669 quam
1313 1617 1518 1674 augere:

641 1667 758 1733 quin
772 1664 820 1714 ὅ(
833 1663 860 1714 ἐὶ
870 1662 961 1715 suis
979 1665 1143 1716 audire
1157 1671 1333 1720 meruit

588 1733 727 1783 Pater
737 1768 755 1793 ,
778 1730 1031 1783 Miserator
1040 1769 1058 1795 ,
1077 1734 1176 1784 Fun
1183 1732 1340 1788 dator.

599 1800 719 1852 Non
732 1798 900 1850 molles
908 1797 1128 1852 fundavit
1141 1803 1322 1866 moles,

522 1866 602 1920 sed
618 1865 664 1918 se
674 1867 843 1935 dignas
852 1901 869 1928 -,
888 1864 1054 1918 firmas
1063 1905 1082 1930 ,
1098 1868 1396 1938 magnificas„

737 1934 947 1984 Dotavit
957 1936 1181 1988 coenobia
1196 1973 1213 1998 ,

757 2004 904 2051 erexit
926 2002 1198 2070 hospitalia,

594 2069 645 2119 ὅ(
655 2066 859 2138 utraque
871 2070 1193 2137 proventibus
1206 2073 1354 2124 auxit.

230 2139 470 2212 Cumque
482 2132 660 2190 fecisset
669 2136 789 2205 pluri
797 2155 876 2186 ma
887 2173 904 2198 ,
921 2133 1072 2187 fecisse
1085 2153 1247 2190 tamen
1259 2140 1410 2192 voluit
1419 2139 1569 2195 videri
1578 2144 1701 2198 nihil.

221 2213 358 2278 Qun
369 2224 425 2260 ut
434 2207 544 2259 suos
554 2207 600 2255 in
611 2203 784 2274 Regno
796 2203 982 2272 plausus
991 2238 1009 2265 ,
1026 2205 1108 2255 sua
1124 2204 1460 2260 beneficianon
1474 2210 1732 2280 spectare&

88 2280 183 2333 Sed
199 2281 512 2331 exercitatam
520 2289 667 2323 ANIMI
683 2287 1076 2324 MAGNlruoiNEM
1095 2271 1156 2322 ad
1169 2271 1352 2340 majora
1362 2274 1525 2330 denuo
1534 2296 1852 2349 provocaret5

570 2338 638 2391 sui
658 2357 712 2390 ac
731 2342 1022 2408 praeteritoru
1031 2356 1189 2391 mnon
1199 2340 1380 2394 oblitus
1389 2379 1410 2407 ,
1869 2378 1871 2381 .

473 2426 564 2459 nec
575 2410 766 2458 territus
785 2405 919 2459 malis
928 2443 946 2470 ,
957 2423 1068 2477 quae
1077 2409 1224 2460 lemel
1233 2408 1464 2472 subierat,

494 2479 540 2526 in
554 2477 744 2546 Syriam
763 2479 949 2545 magnis
961 2475 1154 2529 ausibus
1163 2478 1439 2550 relegititer.

281 2546 455 2618 Uscjue
471 2543 594 2597 adeo
612 2547 656 2596 in
668 2559 851 2596 terram
858 2541 1073 2597 faustam
1084 2545 1187 2596 Rex
1196 2544 1386 2599 sanstus
1395 2545 1650 2616 aspirabat!

597 2614 772 2683 Regno
782 2613 1036 2680 Tunetano
1045 2617 1228 2682 potitus
1238 2650 1257 2677 ,

53 2680 267 2737 felicibus
273 2684 427 2734 ventis
437 2717 455 2743 ,
466 2680 517 2731 &
527 2680 641 2733 velis
655 2678 881 2751 adusque
890 2680 1010 2733 Cart
1017 2684 1197 2799 haiginis
1207 2697 1414 2752 portum
1423 2680 1585 2735 vietor
1593 2685 1893 2754 provehitur-⁸

365 2747 459 2802 Sed
469 2746 648 2801 eodem
658 2752 817 2800 itinere
831 2750 1014 2819 appellit
1023 2766 1048 2800 a
1098 2766 1300 2819 portum
1311 2754 1578 2804 aeternitatis
1591 2788 1611 2817 ,

415 2833 520 2887 quo
530 2817 685 2868 nullus
693 2817 749 2868 illi
762 2822 919 2887 magis
928 2821 974 2869 in
991 2821 1116 2870 votis
1125 2833 1348 2887 unquam
1357 2820 1527 2872 luerat.

88 2888 191 2945 ubi
200 2903 404 2942 manum
415 2887 499 2938 Do
506 2888 618 2937 mini
632 2902 731 2936 non
740 2883 989 2938 ferientem
999 2925 1013 2946 ‚
1035 2885 1115 2938 fied
1128 2885 1189 2937 ad
1198 2888 1242 2938 se
1252 2888 1523 2939 trahentem
1532 2883 1854 2960 exosculatus«,

285 2953 551 3023 majoribus
561 2956 631 3003 ani
639 2956 727 3005 mis
738 2988 755 3016 ·,
772 2953 930 3023 quam
947 2970 1075 3024 quos
1091 2951 1338 3025 hucusque
1348 2958 1656 3010 circumtulit.

257 3022 474 3074 Pestiferfi
483 3022 557 3073 lue
567 3024 824 3089 corripitur
834 3026 1070 3076 exercitus
1078 3058 1097 3088 ‚
1112 3022 1162 3076 &
1173 3040 1299 3076 cum
1310 3040 1527 3076 exercitu
1539 3026 1672 3078 Dux.
1854 3094 1874 3147 I

1873 3109 1919 3147 ta
