2075 3292
69 19 1994 228 §emigraneam{Qiffimffifflarrei}²

0 241 3 250 ·
65 203 1969 319 ffffiffiffiztffiffiffiffiffiffiffiffiffiffiffiffiffifflmffi

188 279 867 302 ιιιιιιιιιιιιι

342 333 973 439 Encomium
1006 346 1663 477 exegeticum

661 483 911 594 Regiae
940 485 1389 573 constantiae.

369 642 468 748 A
476 623 622 677 Udite
633 625 791 696 Reges
809 626 870 678 nil
882 626 1142 680 modicum
1152 628 1290 684 brevi

479 692 643 744 Cantu
664 708 965 746 monentem.
1023 694 1260 750 Carmina
1270 699 1477 770 rupibus

496 758 671 812 Audite
679 760 932 814 scribenda
945 798 964 826 ,
977 761 1027 813 &
1038 761 1211 815 futuris

565 828 747 880 Discite
759 830 1210 882 commemoranda
1227 833 1376 886 seclis.

367 893 568 946 Grande
581 895 631 945 ὅ(
643 894 886 948 decorum
896 895 966 948 est
975 934 993 959 a
1018 899 1251 966 perpetu&
1263 899 1351 954 fibi

368 962 603 1015 Constare
617 979 630 1019 ζ
652 981 738 1015 nec
747 968 840 1015 ritu
850 963 1074 1018 instabilis
1091 967 1199 1018 freti
1212 987 1225 1020 :

474 1032 677 1083 Rixante
688 1047 958 1084 ventorum
974 1034 1176 1091 Senatu,

568 1098 1002 1168 Affiduotrepidare
1023 1116 1187 1155 motu·

369 1163 465 1217 Sed
475 1167 622 1235 qualis
642 1167 735 1218 alto
754 1165 985 1220 sideribus
996 1168 1133 1219 tholo

368 1233 586 1285 immista
599 1251 767 1303 rupes:
786 1250 944 1304 quam
952 1234 1175 1287 tumidus
1185 1239 1322 1306 vagis

484 1302 749 1369 Neptunus
760 1303 1060 1370 ampleXatur
1067 1303 1210 1354 undis
1221 1341 1239 1367 ,

557 1370 619 1419 Et
628 1368 778 1420 refluo
791 1386 926 1419 mare
936 1369 1086 1439 pulsat
1101 1370 1245 1434 aestu3

366 1434 496 1501 Qae
511 1451 600 1487 nec
613 1434 829 1505 superbis
838 1433 1002 1504 quassa
1019 1437 1319 1491 tumultibus

366 1503 578 1574 lnjuriofi
596 1504 844 1557 subruitur
853 1503 928 1555 sali
939 1541 959 1568 .,

481 1571 536 1623 N
540 1590 597 1623 ec
612 1575 818 1624 irruente
828 1569 954 1624 saevo
965 1585 1210 1642 aquarum

552 1639 711 1691 Marte
722 1639 844 1690 latus
853 1636 1072 1709 superata
1083 1639 1241 1694 cedit:

369 1713 574 1779 Semper
583 1704 746 1760 sereno
759 1705 936 1777 degere
946 1711 992 1759 in
1005 1710 1106 1759 otio
1116 1744 1130 1766 ‚

365 1778 634 1847 Utcunque
647 1773 761 1828 tristi
773 1775 874 1826 laeta
884 1778 1081 1844 negotio

483 1848 695 1900 Fortuna
702 1839 900 1895 vesanos
915 1858 969 1894 tu
976 1841 1162 1894 multus

557 1910 905 1981 Aggiomeret‚
923 1909 1170 1979 varietque
1186 1906 1407 1962 cursum.

367 1981 570 2035 Grande
583 1984 633 2031 ὁ(
645 1977 890 2029 decorum
903 1975 1000 2039 est,
1020 1976 1081 2027 nil
1092 1973 1306 2029 nimium
1320 1976 1440 2048 spei,

366 2050 503 2104 Nihil
514 2049 680 2098 timori
692 2044 862 2095 cedere
874 2081 892 2105 .‚
909 2061 997 2095 nec
1010 2058 1172 2094 truces

484 2113 560 2170 Ad
579 2118 795 2182 impetus
816 2113 958 2164 Divae
975 2110 1170 2180 fugacis

556 2182 799 2251 Degeneri
809 2180 1041 2247 trepidare
1052 2178 1210 2231 vultu.

251 2310 255 2312 ,
366 2253 482 2305 Hoc
498 2265 675 2317 nempe
689 2253 851 2316 Reges
866 2250 913 2297 in
932 2245 1116 2315 populo
1127 2246 1344 2297 eminent

367 2317 670 2374 Mutandoin
685 2318 829 2366 horas
843 2328 856 2363 ε
874 2330 1033 2385 quem
1050 2330 1203 2382 pavor
1215 2311 1266 2362 ὃ(
1279 2313 1422 2365 minae

491 2387 606 2455 Spes
629 2383 709 2434 'ue
722 2419 739 2445 ,
759 2383 810 2433 &
829 2382 1008 2434 favoris
1027 2399 1148 2432 cura
1157 2379 1322 2437 fallax,

551 2455 622 2505 Ac
651 2452 751 2502 atui
762 2450 913 2502 breve
925 2448 1093 2519 fulgur
1103 2452 1206 2499 auri

367 2521 579 2594 Cogunt
597 2516 1035 2588 perennemludere
1055 2518 1242 2569 Protea.

370 2591 520 2644 Dum
540 2585 658 2639 celsa
669 2586 813 2639 clavis
827 2603 966 2638 mens
980 2582 1302 2638 adamantinis

493 2658 596 2709 Stat
605 2653 702 2708 fixa
718 2654 855 2707 recito
866 2691 887 2719 ,
909 2653 1152 2707 velruinas

557 2722 790 2795 Intrepide
800 2726 978 2774 tuitura
989 2719 1180 2775 mundi.

380 2794 460 2847 Sic
474 2791 620 2846 rebus
629 2789 1105 2862 aequam'quisquisin
1123 2787 1284 2840 arduis

378 2867 572 2920 Servare
584 2874 808 2914 mentem
817 2896 834 2924 ,
855 2877 945 2911 nec
956 2856 1274 2929 popularibus

500 2931 671 2986 Ventis
679 2931 869 2980 moveri
883 2963 900 2991 ‚
915 2944 1006 2979 nec
1016 2924 1265 2977 frementis

562 2996 753 3051 Invidiae
767 2998 929 3066 potuit
942 2993 1158 3067 procellis

1050 3060 1116 3118 M
1867 3050 1991 3110 Ces·
