2075 3292
813 70 1177 142 QXOXQ
1893 87 1961 154 53

327 174 445 243 quia
458 168 508 220 &
520 165 632 217 hinc
643 203 661 229 .,
680 164 733 217 &
743 162 851 215 inde
862 163 1041 216 infinita
1051 200 1068 228 ,
1089 166 1139 216 &
1154 166 1685 236 aeternaspeff’cabanturi

327 242 516 294 Tantus
531 233 651 285 cum
670 230 782 285 effet
797 234 832 283 F
834 231 1072 296 undamr,
1096 250 1152 284 ac
1162 234 1324 287 Tutor
1345 237 1692 305 heclesiarum.,

132 311 365 363 Patronus
374 313 420 359 in
433 308 784 357 Saracenorum
801 300 1014 369 partibus
1031 299 1101 352 est
1110 305 1387 354 nominatus
1401 304 1427 354 ἓ
1438 305 1685 376 Gregorio
1698 310 1864 363 Nono.

114 377 331 431 Ecclesiis
342 377 444 443 jura
454 369 610 425 ίέιηᾶἐ
618 370 820 421 servavit
831 403 849 430 ,
871 368 1106 420 Ecclefias
1115 369 1303 437 juribus
1316 387 1486 424 contra
1500 389 1671 429 omnes
1680 378 1885 446 injurias,

549 472 553 477 -
623 439 814 489 Beatius
829 433 1018 504 semper
1037 437 1149 488 dare
1166 437 1346 492 censuit
1361 472 1378 500 ³

168 513 325 587 quam
338 511 551 578 accipere
563 504 842 577 quidquam
852 519 936 555 aut
953 504 1160 556 Ecclesiis
1172 542 1188 568 ,
1205 521 1286 557 aut
1295 503 1522 559 Ministris
1532 509 1794 564 earundem
1808 526 1823 567 ε

139 583 424 656 quamvisin
439 578 729 646 Regnorum
739 572 840 638 ejus
854 572 1026 634 salute,
1045 573 1299 644 Religionis
1316 579 1460 625 etiam
1478 575 1615 628 staret
1630 578 1852 647 felicitas5

178 650 320 704 solius
332 649 566 698 nimirum
582 639 911 694 beneficentiae
923 640 1148 692 thesauru
1157 658 1206 691 m
1219 656 1442 711 expertus
1454 646 1816 703 inexhaustum.

250 716 425 769 Maluit
437 709 495 764 ab
506 715 570 763 eis
587 724 799 778 precum
813 706 952 777 pensa
963 742 980 771 ,
1002 708 1158 778 quam
1169 716 1493 778 pecuniarum
1503 715 1727 782 expensas
1737 751 1756 779 .,

367 782 604 833 orationes
622 812 638 840 ,
657 774 813 847 quam
827 791 1162 845 proventuum
1179 783 1404 842 rationes,
1416 784 1605 849 exigere
1624 798 1638 833 ε

466 845 545 898 illis
556 884 572 909 ,
583 862 679 895 non
696 846 765 895 his
775 878 792 906 ,
804 845 849 894 in
864 857 981 894 vota
994 844 1201 896 Coelum
1211 846 1339 897 fletf'ti
1360 863 1552 916 gnaruS.

178 921 348 990 Captis
357 913 561 969 urbibus
575 916 732 982 prima
743 913 934 980 eircura,
959 918 1178 980 captivos
1192 913 1425 983 Religioni
1446 932 1605 983 parare
1619 917 1690 966 ani
1696 934 1827 972 mos,

264 990 344 1040 Ne
354 989 537 1037 minem
545 995 640 1032 non
652 981 912 1030 inimicum
923 996 1259 1033 communem
1271 998 1395 1032 cum
1405 984 1518 1033 1.)Εο
1537 984 1728 1037 habuit:

49 1055 393 1112 inimicissimus
416 1053 639 1102 haereticis
667 1046 779 1098 fidei
802 1047 1067 1099 Catholicae
1084 1052 1292 1100 inimicis
1314 1087 1326 1105 ,
1343 1047 1625 1122 ubicunque
1645 1050 1935 1106 haerentibus
1946 1087 1966 1118 ,

150 1123 314 1178 nullibi
328 1124 614 1193 Regnorum
627 1115 832 1167 suorum
844 1114 1096 1167 stationem
1107 1154 1123 1179 ,
1141 1118 1329 1168 nedum
1340 1117 1502 1170 sedem
1515 1119 1665 1190 figere
1676 1118 1847 1188 palsus.

277 1192 419 1255 Quos
430 1187 674 1238 induratos
686 1201 746 1234 co
755 1199 803 1233 m
842 1187 928 1234 erit
940 1221 957 1243 7
978 1183 1193 1236 flammis
1206 1185 1394 1237 tradidit
1406 1186 1738 1242 resolvendos:

269 1258 366 1327 lpse
378 1261 568 1326 ignem,
581 1252 770 1321 &ligna
805 1250 1040 1304 celeribus
1054 1251 1293 1319 ejusmodi
1306 1252 1513 1321 delendis
1526 1255 1740 1326 aggellit.

339 1323 505 1378 Videri
518 1323 677 1389 potuit
689 1317 780 1386 ipse
795 1332 973 1386 pyram
985 1324 1116 1370 circu
1125 1320 1297 1372 mferre
1318 1322 1695 1375 FERmNANDusz

120 1394 238 1447 cum
253 1407 384 1444 tanto
403 1390 520 1440 fidei
535 1424 552 1451 ³
574 1384 769 1455 ejusque
782 1383 936 1436 cultus
947 1385 1141 1450 tuendi,
1160 1407 1218 1439 ac
1232 1391 1525 1458 propagandi
1537 1393 1652 1443 aestu
1669 1390 1904 1461 flagraret.

366 1456 540 1524 Qiam
550 1450 769 1506 terribilis
786 1453 1050 1522 improbiS,
1071 1468 1175 1506 tam
1185 1456 1324 1509 bonis
1335 1457 1425 1507 fuit
1436 1460 1675 1511 amabilis:

196 1543 252 1581 ut
262 1543 351 1581 nec
359 1525 555 1577 facilitas
572 1523 919 1574 authoritatem
930 1556 947 1584 ,
964 1537 1055 1574 nec
1068 1523 1289 1575 severitas
1306 1539 1534 1578 amorem
1544 1524 1839 1582 diminuerit.

702 1590 751 1641 ln
761 1603 874 1657 pace
885 1586 945 1652 ,si
957 1606 1112 1660 quam
1127 1591 1323 1655 habuit,

375 1665 457 1712 cui
474 1660 765 1711 continuum
778 1673 898 1708 cum
909 1656 1127 1712 hostibus
1137 1694 1154 1721 .,
1174 1660 1224 1711 ὅ(
1235 1664 1358 1712 vitiis·
1369 1693 1386 1724 ,
1401 1657 1622 1721 bellum3

267 1729 583 1781 Salomonem
594 1725 638 1776 se
651 1742 744 1793 prae
751 1721 859 1777 stitit
870 1762 888 1789 ,
911 1726 1199 1779 Pizus->mm
1208 1732 1499 1798 cumprimis
1510 1732 1770 1785 eminente.

425 1798 504 1848 Ne
516 1793 683 1844 sineret
693 1792 877 1863 Regni,
893 1809 949 1845 ut
965 1796 1111 1845 Maris
1121 1793 1210 1847 elie
1229 1797 1563 1849 conditionem
1574 1835 1592 1861 ,

350 1865 439 1918 ubi
457 1862 663 1933 piscium
679 1863 928 1927 majorum
945 1866 1155 1913 minores
1166 1865 1356 1931 explent
1373 1868 1454 1934 ing
1458 1863 1670 1930 luviem3

519 1948 579 1981 ex
590 1945 732 1997 aequo
742 1924 920 1997 cuique
932 1934 1154 1999 aequitate
1164 1951 1211 1981 m
1224 1931 1517 2000 dispensavit.

184 1997 469 2052 Constantia*
479 2001 685 2049 eminuit
694 2012 743 2046 re
749 1996 825 2066 gia
839 2033 856 2057 7
869 2013 1019 2047 omne
1033 2011 1256 2066 coeptum
1270 1997 1474 2068 glorioso
1483 2000 1579 2051 fine
1593 2015 1859 2051 coronanst

586 2067 749 2114 animo
758 2064 847 2114 fuit
861 2063 999 2132 supra
1013 2065 1227 2116 humana
1239 2067 1449 2119 excelso:

364 2132 499 2185 nullis
510 2132 739 2201 proiperis
752 2136 910 2199 potuit
920 2130 1075 2183 efferri
1086 2167 1104 2196 -,
1122 2134 1257 2185 nullis
1270 2133 1409 2201 dejici
1437 2131 1659 2189 adversis·

391 2200 555 2270 Regiae
571 2200 743 2250 Matris
754 2198 916 2250 fatum
932 2199 1111 2261 doluit·7
1135 2217 1232 2252 non
1247 2201 1316 2253 est
1328 2205 1619 2256 lamentatus
1637 2221 1651 2256 t

683 2265 816 2316 sensit
831 2265 1023 2318 lethum
1034 2304 1050 2328 a
1069 2267 1146 2320 sed
1161 2267 1316 2320 laetus:

465 2332 602 2388 velut
613 2331 830 2387 Phoebus
845 2334 1055 2387 Phoebes
1071 2336 1269 2404 Eclipsin
1280 2339 1574 2407 intuensegit

478 2400 910 2473 perpetui-imnull‘a
927 2418 1191 2456 temeratus
1200 2402 1332 2458 nube
1345 2404 1591 2461 serenum·

509 2471 717 2523 Mortale
724 2488 775 2521 m
793 2468 838 2520 se
850 2472 1075 2523 meminit
1084 2477 1308 2542 genitum
1319 2475 1531 2531 mortali⁶

240 2544 504 2597 chuaous
524 2539 756 2592 PssunENs
775 2541 822 2588 in
834 2538 1109 2593 civitatibus
1130 2538 1394 2593 Politicum
1404 2542 1600 2595 instituit
1610 2539 1793 2596 statum
1803 2577 1822 2609 ‚

423 2656 426 2657 γ
638 2609 686 2658 in
705 2604 1135 2658 ordinemconfusa
1154 2605 1406 2678 disposuit,

478 2670 658 2726 fundos
669 2673 907 2727 distribuit
916 2711 934 2738 ,
947 2674 997 2727 &
1011 2674 1241 2728 Literatos
1252 2675 1512 2730 advocavit
1532 2697 1546 2731 ε

454 2744 662 2798 militem
671 2742 1072 2795 strenuumtionis
1086 2779 1103 2807 .,
1117 2744 1365 2814 populum
1378 2748 1566 2814 annona
1576 2784 1596 2814 ‚

436 2865 442 2873 N
550 2808 766 2863 cuntff’ws
783 2808 1036 2864 dulcedine
1058 2815 1302 2865 comitatis
1311 2813 1507 2882 pellexit.

182 2879 481 2941 Graviffimis
500 2880 628 2934 bellis
637 2894 867 2948 gravatus
878 2916 896 2943 ,
914 2881 1024 2932 nulli
1034 2879 1110 2932 vel
1118 2897 1336 2933 num-mo
1345 2899 1499 2934 emun
1521 2944 1524 2945 ⁷
1538 2881 1667 2937 endo
1677 2888 1834 2956 gravis
1845 2922 1862 2952 ‚

378 2947 602 3001 thesauru
610 2946 1363 3019 m-suumcensebatopulentiam
1374 2953 1511 3021 Popu
1530 2968 1695 3006 orum.

365 3018 481 3072 Nec
491 3015 695 3069 tondere
704 3048 725 3079 -7
741 3015 1101 3087 necclegilubere
1109 3017 1493 3087 voluitoptimus
1511 3019 1689 3074 Pastor.

524 3083 812 3153 Casttaejus
831 3083 1219 3146 claffiraawferre
1234 3085 1546 3148 videbantur:

1922 3158 1990 3211 ita
