2055 3292
862 26 1221 105 ᾕὲΧΟΧὲἒξ
1928 54 2010 116 ῃι

515 116 720 186 uterque
741 112 853 166 Tm
873 149 888 169 ,
912 113 962 164 δε
976 130 1058 181 per
1071 113 1155 165 TE.
1168 114 1262 163 tuis
1278 113 1616 181 optatiffimus.·

406 233 413 238 .
438 217 442 222 ·
461 215 465 219 ·
504 186 630 238 Utin
642 184 779 251 spem
792 179 1114 233 vidtoriarum
1124 216 1142 242 ,
1162 195 1218 231 ac
1227 184 1375 232 trium
1417 184 1601 238 horum

526 251 740 323 gloriosae
758 252 865 317 paci
880 284 898 311 ‚
927 249 977 298 ὀ(
992 247 1195 300 felicitati
1210 247 1352 316 praelu
1390 267 1580 304 entium

710 315 872 386 ipsum
881 316 959 368 TE
968 316 1091 367 coelu
1100 335 1151 367 m
1162 313 1336 367 dedisse
1353 352 1371 379 ,

741 399 909 447 natura
919 379 1107 434 edidiffe
1118 382 1350 437 videatur.

304 455 366 508 Et
383 454 498 508 vero
508 457 655 506 etiam
667 450 725 504 de
738 449 1017 520 temporeicl
1027 466 1128 501 erat
1137 488 1149 507 ,
1169 451 1220 502 ὅ(
1241 470 1266 502 a
1275 451 1307 502 d
1317 469 1424 504 rem
1434 469 1801 523 opportunum:

513 519 715 592 quando
726 537 780 570 ea
795 517 888 588 ipsa
903 556 921 582 .,
941 517 1127 570 funesta
1138 536 1317 587 nempe
1327 534 1553 589 tempora
1565 559 1581 583 .,

419 590 601 662 quibus
612 588 893 657 Pythonem
904 587 1197 656 parturiebat
1208 604 1403 639 novum
1412 589 1673 657 perduellio
1686 628 1704 656 2

552 655 789 726 postulare
801 671 995 705 novum
1003 653 1097 705 visa
1113 653 1220 706 sunt
1233 656 1504 723 Apollinem
1513 678 1531 723 5

499 729 585 793 qui
599 723 794 776 Paterna
804 721 1024 774 stastum
1041 723 1250 790 potentia
1262 741 1380 774 mon
1387 723 1544 776 strum
1555 763 1573 789 ,

513 793 700 861 spiculis
715 790 925 842 demum
935 789 1026 841 suis
1037 795 1239 840 omnino
1249 794 1556 847 interimeret.

431 859 613 930 Cepisti
624 863 668 910 in
682 858 815 909 hunc
826 892 844 919 ‚
865 859 916 908 ὅ(
927 856 1041 908 alios
1053 858 1210 917 hostes
1223 875 1356 908 arma
1366 863 1437 926 pri
1445 857 1588 913 mum
1598 897 1617 927 2

566 926 690 983 cum
705 930 867 994 primo
878 928 1025 976 aetatis
1038 925 1156 975 flore
1166 923 1327 975 factus
1338 942 1487 995 eques
1499 962 1517 991 2

671 992 879 1062 pretioso
893 992 1070 1044 velleris
1082 995 1210 1043 aurei
1221 1008 1349 1044 nexu
1361 1028 1380 1056 ,

715 1062 1027 1125 TORQJATus
1048 1076 1339 1111 utusrmoR
1348 1095 1366 1123 .‚

614 1131 868 1196 integritati
881 1128 1216 1180 fortitudinem
1232 1124 1479 1196 copulasti.

684 1199 836 1262 ldque
845 1196 1116 1264 auspicatissi
1125 1196 1204 1246 ma*
1215 1196 1284 1246 ill'a
1296 1195 1370 1247 die
1384 1233 1402 1259 ,

211 1258 309 1329 qua
321 1275 548 1314 veterum
559 1262 664 1315 Rex
684 1265 1037 1315 Romanorum
1049 1264 1217 1315 Tullus
1234 1260 1499 1315 Hetrustos
1518 1264 1838 1332 triumphavit
1848 1301 1867 1328 ‚

289 1331 662 1400 expugnataque
675 1332 812 1383 lndiae
829 1333 1116 1399 Metropolis
1133 1331 1475 1384 Lusitanorum
1487 1332 1610 1401 Regi
1628 1329 1783 1392 ceffit3

156 1392 349 1448 sanctus
363 1414 534 1450 autem
546 1399 749 1451 Faustus
768 1416 894 1450 cum
905 1400 1146 1469 sexaginta
1157 1436 1173 1458 ,
1195 1399 1245 1449 &
1265 1399 1496 1452 sexcentis
1509 1397 1933 1454 commilitonibus

678 1488 680 1490 ’
723 1466 917 1520 feliciter
927 1470 1100 1520 Arium
1110 1467 1364 1536 superavit.

365 1532 542 1585 utfive
560 1535 605 1585 in
621 1534 904 1586 Madianitas
919 1550 1210 1587 moventem
1222 1534 1681 1588 castra‘Gedeonem
1697 1581 1714 1603 ,

515 1601 612 1653 five
623 1601 789 1668 jasone
799 1620 848 1654 m
858 1606 904 1654 in
918 1601 1140 1654 Colchos
1151 1602 1258 1655 vela
1269 1603 1534 1655 facientem
1543 1641 1562 1667 ,

519 1671 696 1733 ambos
706 1674 943 1723 nimirum
954 1669 1158 1723 avellere
1177 1671 1527 1723 memorandos
1538 1708 1557 1736 ,

682 1739 944 1791 conatibus
957 1738 1172 1809 gloriosis
1186 1739 1374 1791 imitere
1388 1761 1404 1804 5

465 1823 467 1825 ·
487 1804 596 1857 inde
608 1822 715 1857 rore
730 1821 967 1872 recreatus
987 1841 1004 1868 ,
1027 1807 1136 1857 hinc
1147 1823 1265 1856 auro
1278 1811 1520 1858 animatus
1531 1844 1551 1872 ,

734 1871 898 1923 faustis
915 1872 1149 1940 trimphes
1161 1873 1350 1924 avibus

480 1936 665 2006 Qidni
678 1939 728 1990 ὅ(
743 1939 923 1992 ovibus
938 1957 1062 1990 cum
1079 1939 1245 1996 vellere
1255 1938 1538 2009 recipiendis
1550 1979 1568 2006 ,

600 2008 650 2058 ὅ(
663 2010 888 2058 armentis
899 2011 944 2057 in
955 2010 1147 2076 propria
1158 2005 1442 2058 reducendis
1461 2044 1479 2072 .‚

374 2073 633 2127 exinfamis
649 2075 967 2144 Polyphemi,
984 2075 1312 2145 immanisque
1329 2075 1454 2127 Caci
1468 2076 1728 2133 manibfis?

606 2144 672 2195 lta
683 2147 835 2194 trium
875 2143 941 2194 his
957 2142 1206 2209 adjicietur
1219 2148 1269 2194 ὅ(
1281 2147 1466 2199 ovatio,

613 2211 805 2276 Qinto
850 2209 985 2262 eincle
996 2215 1103 2265 idus
1117 2211 1428 2264 Decembres
1441 2249 1458 2274 ,

265 2291 368 2348 quo
380 2276 572 2347 Austriae
586 2270 930 2348 gubernaculis
938 2282 1154 2348 primam
1165 2278 1389 2332 admovit
1396 2280 1589 2333 feliciter
1600 2297 1812 2338 manum

592 2345 968 2416 Augustillimus
986 2349 1158 2399 Parens
1177 2348 1485 2414 LEoPOLous3

520 2431 625 2486 quo
643 2413 979 2482 sigismundus
990 2417 1010 2467 1
1017 2432 1260 2484 inperator
1271 2414 1554 2469 clariffimus

631 2470 1012 2553 ‘estluinmaspe
1025 2489 1068 2535 in
1079 2484 1246 2535 lucem
1261 2482 1417 2535 editus
1427 2505 1443 2549 ,-

530 2566 635 2621 quo
654 2550 895 2620 Philippus
905 2555 1068 2603 tertius
1081 2550 1541 2621 HispaniarumRex

589 2620 763 2671 omnes
773 2622 797 2669 e
806 2623 963 2690 regnis
973 2621 1062 2672 suis
1072 2624 1233 2689 exegit
1245 2621 1471 2682 Mauros-3

479 2701 584 2755 quo
594 2687 833 2739 Cat-olum
845 2687 1135 2758 Burgundiae
1154 2691 1358 2741 Ducem
1373 2687 1600 2742 Austriaci

681 2755 890 2824 glorioso
901 2759 1064 2809 Marte
1081 2756 1368 2809 devicerunt
1386 2775 1399 2809 :

581 2824 884 2877 interfaustas
903 2824 1066 2894 populi
1082 2825 1480 2890 acclamationeS,

604 2890 934 2964 omniumque
945 2894 1196 2947 bonorum
1207 2892 1456 2962 applausus

607 2958 739 3011 sacra
754 2963 979 3032 Ungariae
989 2961 1169 3014 corona
1186 2980 1235 3013 es
1246 2977 1439 3013 ornatus
1447 2997 1468 3025 7

494 3023 547 3077 ὅ(
564 3028 610 3080 in
621 3029 816 3098 Regem
824 3029 1517 3155 haeredffirigminauguratus.
1817 3094 1887 3146 E*

1023 3134 1025 3137 .
1861 3114 1889 3146 a
