2055 3292
523 501 660 554 uam
679 498 877 555 Serena,
896 505 1003 541 tam
1018 502 1241 547 amoena,

370 510 518 669 Q
712 561 870 633 quam
888 559 1037 617 clara,
1056 554 1342 613 tamchara,

602 639 646 686 in
658 630 749 701 ipsa
759 632 906 681 etiam
951 625 1075 675 loriae
1088 626 1273 673 Aurora
1282 620 1402 670 TuAE

672 696 909 752 omnibus
935 709 1087 744 ucem
1109 686 1388 740 amantibus

823 761 1067 814 interlucis
1077 755 1200 808 filios
1217 792 1234 818 ,

701 828 1002 900 JOSEPHE
1028 827 1367 877 SERENJsstME.

377 913 421 964 Si
441 911 550 980 quis
561 902 764 957 infensus
778 937 794 961 ,
807 893 1091 949 autinfestus
1109 890 1321 942 invisum
1334 889 1410 938 Tr.
1421 886 1506 938 fibi
1522 902 1658 955 putet
1670 913 1686 949 5

519 970 798 1042 Splendor-es
810 1004 828 1026 ,
849 981 975 1034 quos
985 961 1114 1011 volet
1124 953 1369 1026 oppreffos
1381 991 1396 1016 ,
1416 969 1552 1003 acuet
1567 968 1581 1009 ζ

406 1043 536 1095 dum
548 1040 797 1093 servientes
815 1033 908 1085 luci
929 1027 1144 1081 tenebras
1158 1027 1333 1075 invitus
1349 1020 1635 1074 imitabitur.

805 1103 915 1153 Atta
923 1099 1054 1149 meni
1092 1095 1135 1145 se
1150 1092 1320 1144 viderit
1331 1127 1349 1152 ‚

382 1179 575 1232 futurus
592 1171 745 1226 oculis
763 1166 916 1220 forsan
932 1165 1034 1216 clau
1058 1182 1096 1213 is
1110 1162 1237 1212 acuti
1244 1177 1326 1220 or,
1343 1156 1500 1226 quam
1514 1159 1707 1225 apertist

598 1254 600 1257 ⁴
631 1238 713 1292 nifi
732 1241 924 1306 opticos
946 1231 1103 1284 laeserit
1114 1227 1286 1280 invidia
1297 1241 1502 1287 nervos.,

645 1306 839 1374 caligine
852 1340 869 1364 ,
887 1319 942 1353 ut
960 1300 1074 1352 solet
1085 1335 1101 1359 .,
1114 1292 1272 1348 offus‘a
1284 1297 1448 1344 menti.

409 1380 598 1448 Alioqui
613 1375 690 1428 vel
701 1371 875 1426 oblaesa
887 1365 1174 1421 monstrabit
1191 1364 1233 1414 se
1248 1360 1421 1479 papilla
1435 1362 1653 1411 caecuti-re
1670 1379 1687 1425 5

525 1441 916 1497 veln06tuarum
926 1434 969 1487 se
989 1434 1104 1485 nido
1121 1429 1277 1502 prodii
1316 1448 1341 1479 e
1362 1427 1537 1497 prodet

575 1516 622 1563 in
640 1508 861 1562 tenebras
910 1503 1034 1556 otius
1046 1539 1063 1564 ,
1082 1499 1237 1571 quam
1250 1498 1425 1548 lucem.

581 1582 642 1633 At
653 1577 730 1629 vel
745 1575 853 1626 ideo
864 1523 1092 1624 &rebitur
1103 1606 1121 1632 .,
1141 1571 1229 1618 etia
1237 1564 1459 1616 m-nolens
1469 1600 1489 1628 .,

665 1645 854 1714 fulgore
868 1642 946 1693 Tr„
960 1636 1140 1702 majore
1151 1636 1279 1686 claru
1288 1652 1338 1684 m
1351 1669 1367 1692 ,

448 1718 604 1788 quam
621 1729 676 1766 ut
685 1711 803 1764 ferre
815 1727 934 1761 eum
947 1704 1084 1776 poffit
1103 1702 1280 1755 oculus
1290 1717 1387 1750 non
1400 1698 1647 1768 aquilinus·

575 1781 822 1852 Aquilinos
841 1779 974 1827 enim
990 1773 1195 1826 obtutus
1206 1774 1250 1819 in
1265 1771 1343 1819 TE
1354 1767 1494 1817 fixisti
1507 1804 1525 1830 ‚
1612 1783 1616 1785 ·

591 1852 742 1902 etiam
752 1862 851 1897 non
865 1842 1008 1910 longe
1027 1833 1258 1908 digreffus
1269 1835 1330 1886 ab
1352 1850 1492 1885 ortu:

695 1918 742 1964 in
751 1929 853 1981 quo
865 1909 940 1961 vel
951 1905 1048 1975 ipso
1062 1906 1163 1973 jam
1174 1919 1396 1970 rapueras
1411 1936 1428 1961 ,

599 2000 698 2034 non
709 1981 917 2050 quidem
930 1993 976 2026 vi
988 2011 1006 2036 .,
1023 1973 1104 2024 sed
1118 1970 1275 2021 indole
1294 1969 1513 2037 aquilina.

500 2056 656 2105 Ortus
675 2065 842 2099 autem
853 2064 900 2095 es
916 2041 1062 2093 ηοξὶε
1076 2044 1119 2090 in
1132 2037 1265 2088 diem
1284 2036 1545 2086 declinante
1562 2050 1577 2087 ἕ

441 2124 568 2173 dum
588 2117 649 2170 ad
659 2116 855 2169 vastum
868 2110 1129 2180 evigilantis
1150 2105 1317 2175 aquilae
1328 2104 1615 2171 clangorem
1625 2139 1643 2165 ,

276 2193 445 2249 festivo
464 2191 614 2260 gallus
627 2187 788 2237 cantui
800 2176 1116 2232 interserendo
1128 2173 1292 2243 pausas
1305 2173 1548 2240 Reginam
1557 2185 1806 2224 reveretur
1813 2192 1831 2238 5

463 2257 760 2324 feralemque
779 2242 1099 2303 bubolessum
1119 2240 1635 2308 abrumpitfugitivus:

735 2320 962 2371 utomine
972 2306 1342 2380 auspicatiffimo

587 2389 679 2462 ipsa
689 2392 735 2439 in
746 2403 918 2438 aurora
935 2381 1140 2434 tenebris
1157 2374 1292 2428 diem
1302 2373 1486 2425 diceres
1496 2410 1515 2440 ⁷

659 2454 912 2524 faustaque
927 2466 1039 2502 tuos
1050 2448 1154 2498 luce
1171 2461 1432 2497 recreares,

518 2531 661 2583 Hanc
672 2524 758 2577 fibi
776 2539 858 2592 per
867 2522 944 2572 TE
962 2515 1161 2569 auetam
1170 2507 1281 2564 fafla
1294 2510 1364 2562 est
1380 2512 1567 2563 Vienna
1577 2547 1592 2566 ,

387 2616 493 2655 ante
503 2599 608 2652 solis
619 2608 790 2647 ortum
801 2627 819 2652 ,
835 2586 987 2640 solem
1002 2589 1050 2636 in
1059 2585 1136 2635 TE
1153 2596 1324 2633 ortum
1340 2577 1428 2632 fibi
1446 2577 1733 2650 gratulando

736 2663 784 2711 in
794 2655 1010 2726 publicos
1021 2648 1170 2703 effusa
1172 2646 1386 2769 {plausus

645 2730 763 2781 Dies
779 2725 847 2777 ille
861 2723 935 2777 vel
946 2720 1161 2774 maxime
1193 2716 1319 2769 astus
1329 2727 1456 2776 erat,

426 2819 523 2855 non
533 2797 727 2851 tantum
737 2834 754 2859 ,
772 2791 908 2865 qued
920 2788 1123 2843 secunda
1139 2787 1329 2838 TEcuM
1345 2781 1465 2833 hor‘a
1475 2783 1696 2850 coeperit,

402 2871 483 2927 sed
493 2872 636 2921 etiam
649 2904 662 2922 ‚
682 2868 797 2933 quia
808 2859 988 2913 festum
998 2895 1016 2921 .,
1031 2854 1322 2923 sacrumque
1335 2850 1420 2903 fibi
1430 2849 1542 2901 fecit
1561 2851 1706 2902 ANNA
1715 2886 1734 2914 2

464 2944 512 2991 in
525 2935 665 3004 cujus
677 2934 756 2985 TE
771 2930 930 2981 smum
940 2921 1199 2996 deposuisse
1209 2920 1335 2975 visus
1345 2917 1414 2971 est
1430 2919 1642 2982 IAconuS.

611 3005 731 3057 Non
742 3000 845 3071 jam
855 2999 989 3052 Anna
1001 2990 1259 3065 quondam
1271 2990 1480 3043 Perenna

1944 3061 2013 3125 itt-f
