2055 3292
815 31 1174 108 affixam&
1380 114 1382 117 ,
1881 46 1964 93 m

466 134 512 182 in
521 127 712 181 sacram
723 120 942 177 filiorum
954 125 1045 175 Dei
1056 124 1328 175 libertatem
1338 118 1536 180 asseruit.

60 202 166 256 Imo
177 197 291 254 vero
304 214 359 251 ut
375 200 694 250 reverentiam
716 192 910 246 haberet
927 191 1203 260 Apostolicis
1219 195 1494 251 AposroLus
1509 193 1929 256 constitutionibus
1948 226 1964 270 5

214 283 324 338 quae
334 271 380 319 in
390 282 613 336 emptam
623 259 857 314 &Christo
871 260 1145 313 libertatem
1156 254 1345 309 affertos
1354 264 1519 311 vinciri
1531 264 1792 331 prohibent
1800 289 1816 332 ,-

535 331 624 384 suo
634 327 850 382 eundem
859 331 1008 378 etiam
1020 325 1224 379 absolvit
1235 329 1393 377 manci
1395 343 1512 396 patu
1523 349 1536 378 .-

568 415 625 450 ut
637 400 891 468 geminam
900 395 1137 446 conferret
1149 394 1437 451 libertatem.

509 468 636 518 Felix
646 462 868 535 profeeffi
879 480 938 513 ex
949 462 1050 531 ipso
1060 460 1263 512 fortunae
1275 460 1367 513 suae
1382 462 1508 530 lapsu
1522 484 1535 516 ε

518 538 603 604 qui
613 532 757 584 semel
771 534 989 599 captivus
998 567 1015 592 ,
1037 529 1108 581 bis
1119 529 1274 581 faetus
1284 528 1352 579 est
1364 528 1502 585 liber!

364 601 459 654 Sed
470 602 519 654 δί
533 599 791 653 Conradus
804 600 1074 667 Imperator
1084 596 1393 649 debilioribus
1401 613 1503 649 erat
1514 604 1698 667 oculis5

54 672 212 742 quam
223 685 277 723 ut
296 668 722 741 splendidissimum
736 667 868 717 hunc
885 666 1036 717 solem
1053 668 1098 714 in
1110 666 1369 734 Hungariae
1389 666 1611 720 Zodiaco
1630 675 1907 732 coruscante
1912 700 1968 735 m

755 732 950 804 propius
969 728 1119 802 pollet
1129 735 1311 785 intueri.

287 803 572 857 Crediderat
591 805 626 854 is
637 801 789 854 for-san
801 838 819 864 ,
840 798 998 853 minus
1017 798 1234 870 eundem
1257 797 1386 868 posi}
1402 800 1489 855 sub
1502 804 1717 860 nubibus
1731 824 1751 873 3

466 873 647 942 quibus
658 868 851 938 pientissi
858 887 939 920 ma
951 866 1019 919 sui
1029 867 1246 919 demillio
1264 869 1539 923 involvebat
1552 889 1565 920 ε

297 952 439 1008 atque
451 937 571 990 adeo
583 938 714 989 facile
726 974 743 999 -,
761 937 795 987 s1
805 954 902 987 non
912 938 1154 1006 extingui,
1173 933 1406 1004 supprimi
1416 934 1579 990 saltem
1590 934 1734 1008 poffe.

259 1008 513 1078 Abjecerat
522 1007 755 1076 equidem
765 1005 809 1056 se
823 1006 1104 1056 STEPHANus
1115 1001 1170 1053 ad
1182 1002 1306 1071 ipsos
1317 1019 1591 1072 pauperum
1600 1012 1748 1078 pedes

571 1092 657 1125 exe
667 1072 798 1142 mplo
811 1073 993 1123 summi
1009 1073 1153 1140 Regis
1168 1070 1456 1124 abluendos:

348 1142 444 1195 una
463 1141 577 1195 vero
589 1145 733 1195 etiam
742 1138 937 1192 suismet
958 1143 1184 1191 manibus
1197 1137 1411 1190 dividere
1428 1139 1662 1208 sportulas
1672 1187 1690 1213 ,

612 1211 661 1261 &
675 1208 851 1276 stipem
861 1226 1060 1277 erogare
1072 1206 1416 1260 dele&abatur.

392 1280 526 1346 Qin
536 1316 553 1341 ,
565 1277 652 1331 ubi
664 1280 924 1327 certamine
935 1279 1053 1327 inter
1065 1273 1320 1325 mendicos
1332 1274 1662 1348 exorbitante,

514 1345 655 1398 luam
667 1343 843 1396 viditin
858 1341 1069 1411 spolium
1078 1341 1277 1410 discerpi
1294 1342 1534 1408 barbam,

711 1410 841 1462 hilari
857 1409 1164 1461 diliimulavit
1177 1428 1284 1462 ore:

216 1495 292 1529 ‘ac
305 1478 419 1531 vero
429 1483 577 1531 etiam
588 1494 641 1531 ut
653 1478 905 1549 generosos
918 1479 1087 1529 milites
1107 1495 1282 1529 coram
1302 1477 1511 1547 Deipara
1523 1481 1795 1545 dilaudavit.

368 1548 546 1620 Nseque
560 1562 724 1599 tamen
743 1546 851 1597 ideo
864 1544 1140 1616 quidquam
1163 1545 1435 1598 detrimenti
1444 1547 1569 1615 pafla
1582 1552 1651 1605 est

549 1615 626 1666 vel
638 1614 914 1666 Authoritas
925 1615 1075 1683 Regia
1093 1649 1111 1676 .,
1131 1613 1206 1665 vel
1226 1612 1476 1678 Maiestas:

444 1683 549 1734 imo
559 1719 576 1746 .,
591 1697 646 1734 ut
656 1682 827 1733 clarior
836 1678 925 1733 esse
936 1680 1049 1733 solet
1060 1681 1166 1750 post
1175 1681 1337 1733 nubila
1349 1684 1568 1738 Phoebus
1578 1725 1591 1745 ,

431 1750 490 1800 ad
500 1752 678 1802 solium
693 1747 894 1822 regrella
903 1748 1149 1818 splendore
1169 1751 1343 1801 micuit
1361 1753 1608 1819 ampliore.

205 1790 522 1890 ⁶Siquiclem
535 1831 745 1869 nontam
765 1818 790 1868 ἃ
801 1818 981 1868 throno
996 1818 1101 1867 Rex
1113 1853 1131 1879 a
1148 1816 1306 1886 quam
1321 1817 1524 1872 thronus
1542 1822 1568 1873 εἲ
1580 1824 1716 1894 Rege
1730 1863 1750 1890 ‚

647 1884 709 1933 ad
719 1903 886 1935 veram
900 1883 1390 1951 gloriaminclarescit.

259 1956 389 2022 Quia
398 1955 544 2024 igitur
555 1951 814 2002 Conradus
827 1952 955 2001 hunc
964 1953 1112 2019 aequis
1124 1949 1282 2002 videre
1299 1969 1396 2002 non
1404 1957 1566 2020 potuit
1576 1958 1760 2027 oculiS,'

458 2035 513 2070 ut
524 2017 622 2072 fieri
632 2018 744 2070 solet
754 2055 770 2080 .,
780 2017 988 2069 invidere
1001 2021 1148 2087 coepit
1158 2017 1302 2069 oculo
1311 2022 1560 2086 iniquiore.
1729 2032 1734 2035 ’

419 2087 580 2156 Atq'ue
592 2104 650 2136 ne
661 2085 817 2137 radios
828 2090 873 2135 in
886 2086 980 2136 alto
991 2084 1280 2137 diffunderet
1290 2087 1559 2143 illustriores
1570 2127 1589 2155 ‚

542 2170 751 2204 exercitu
763 2150 1074 2203 formidando
1087 2149 1285 2221 depreff
1273 2171 1302 2203 u
1310 2172 1364 2204 m
1376 2159 1475 2209 ivit.

351 2220 543 2275 Verum
553 2219 648 2289 ipsa
671 2223 774 2271 haec
787 2221 971 2288 eclipfis
994 2219 1240 2290 fulgorem
1255 2226 1386 2273 auxit
1400 2224 1658 2281 STEPHANO
1668 2266 1688 2295 ‚

704 2288 843 2338 radiis
852 2305 913 2338 ex
926 2287 1017 2338 alto
1031 2286 1314 2342 ministratis.

303 2356 564 2409 Patronam
573 2355 656 2410 sibi
666 2393 685 2420 ‚
704 2357 773 2407 Re
778 2354 973 2427 gnoque
992 2356 1229 2424 delegerat
1238 2393 1255 2419 ,
1278 2357 1329 2406 &
1338 2356 1500 2413 sancite
1506 2362 1644 2416 colue
1648 2380 1717 2417 rat

673 2440 891 2475 MAGNAM
906 2441 1038 2476 coen
1051 2425 1313 2476 DOM1NAM
1327 2461 1345 2487 ,

444 2490 750 2562 eandemque
774 2508 1074 2544 cAsTRoRuM
1082 2508 1236 2543 ACIEM
1251 2508 1566 2553 ORDINATAM.

389 2559 522 2613 Huic
534 2577 651 2630 ergo
662 2596 680 2623 ,
690 2574 743 2612 ut
753 2558 814 2611 ad
825 2578 960 2612 arma
971 2597 988 2623 ,
997 2559 1064 2611 fic
1075 2558 1135 2609 ad
1145 2563 1376 2629 pietatem
1385 2560 1476 2614 suis
1488 2566 1637 2624 Dux,

593 2645 764 2679 coram
773 2633 983 2680 exercitu
993 2627 1081 2680 suo
1090 2625 1291 2747 squlex
1300 2627 1457 2683 fastus
1470 2670 1486 2693 ,

605 2699 1096 2749 omnemcommittit
1112 2715 1137 2747 a
1155 2696 1405 2753 eamvbelli.

626 2765 688 2815 Et
699 2783 815 2815 eece
827 2763 1219 2816 tamfeliciterilla
1227 2763 1381 2819 cadit:

462 2846 519 2883 ut
527 2845 631 2883 ante
643 2832 861 2900 praelium
871 2832 1075 2886 vi&0ria
1086 2833 1345 2885 STEPHANO
1354 2834 1537 2889 faveret
1548 2852 1564 2892 ε

232 2901 450 2957 Conradi
460 2902 612 2969 copiis
627 2899 846 2952 hostium
855 2918 914 2952 ne
924 2899 1356 2972 visorumquidem
1365 2906 1539 2959 timore
1549 2910 1771 2976 perculfis
1783 2949 1801 2978 ‚

672 2967 725 3020 &
739 2966 802 3019 ad
815 2969 897 3021 sua
906 2968 995 3021 sese
1007 2968 1358 3038 recipientibus.

709 3036 840 3091 Huic
852 3035 1156 3091 Palladiadeo
1171 3036 1296 3091 felici
1307 3065 1326 3102 ,-

1918 3139 1967 3179 ln
