2055 3292
846 33 1209 105 QXOXQ

762 122 890 171 varia
900 122 1081 186 pietatis
1097 118 1360 171 domicilia.
1399 134 1402 136 ·

277 193 399 248 Tres
408 190 435 241 ἐ
445 187 607 243 multis
618 185 758 239 testes
769 190 933 253 accipe
943 221 961 249 ,
981 190 1120 238 omni
1130 200 1295 238 tamen
1306 191 1584 257 exceptione
1597 191 1803 259 majores
1819 208 1834 248 ε

453 253 880 325 Hierosolymam,
897 254 1144 317 Romam,
1164 253 1654 325 Constantinopolim.

324 328 427 383 Ubi
443 325 477 377 fi
490 327 781 378 RELIGIONIS
792 337 933 373 tantae
943 322 1138 392 vestigia
1150 358 1168 384 ,
1190 337 1247 373 ut
1268 339 1353 391 par
1362 322 1431 374 est
1441 361 1458 383 ,
1473 326 1788 382 venerabere:

609 394 656 442 in
665 393 741 459 pia
750 389 884 442 facile
895 404 1121 458 erumpet
1134 387 1339 442 affectus
1349 406 1466 442 vota
1478 429 1496 454 ‚

506 474 617 530 quae
629 457 843 509 mediam
853 461 1081 508 extremis
1089 457 1232 509 velint
1242 456 1332 510 effe
1345 461 1604 527 copulam:

529 528 628 598 qua
637 529 684 578 in
695 523 902 577 eandem
912 525 1073 577 denuo
1083 523 1239 577 fidem
1250 527 1536 595 colligentur
1549 542 1569 593 3

682 593 733 646 δί
744 611 805 645 ex
815 593 1020 647 barbara
1039 593 1161 644 male
1170 592 1332 646 feriata
1342 594 1499 648 liberae
1594 606 1596 609 ’

833 664 879 712 in
893 665 1082 730 optima
1092 659 1256 714 forma

618 727 722 782 Sub
738 728 998 782 ROMANAM
1007 727 1199 780 redeant
1211 732 1488 783 CORONAM.

263 796 454 853 Verum
466 796 615 852 utalia
630 794 899 865 pientiffimi
916 798 1062 865 Regis
1076 813 1399 850 monumenta
1410 817 1468 850 ne
1478 813 1847 865 memorentur,

563 910 565 913 ,
573 867 872 934 praetermitti
884 867 1014 916 certe
1025 864 1155 915 nullo
1174 866 1331 917 modo
1347 865 1526 919 debent
1538 903 1558 931 ,

626 948 738 1002 quae
746 935 794 983 in
803 930 948 983 fastos
958 932 1118 983 retulit
1127 932 1238 983 snos
1252 932 1474 986 Ecclefia.

565 998 1010 1067 Archiepiscopatui
1025 1016 1206 1067 nempe
1228 999 1532 1069 Strigonienfi
1542 1038 1562 1065 ,

479 1115 481 1119 Α
571 1065 886 1136 Episcopatus
896 1066 1045 1120 denos
1056 1066 1211 1133 junxit
1224 1068 1509 1119 STEPHANus

358 1134 689 1190 admirabili&
698 1135 987 1186 RELIGIONE
996 1172 1014 1198 2
1027 1135 1077 1186 &
1089 1134 1427 1187 munificentia
1437 1136 1472 1186 F
1477 1134 1696 1188 fundator.

485 1201 682 1257 Verum
689 1203 819 1254 dum
836 1202 995 1271 plures
1010 1202 1268 1255 meditatur
1279 1203 1441 1255 laudes
1452 1205 1667 1257 calamus
1679 1243 1696 1266 ,

505 1272 594 1326 ubi
608 1274 690 1323 vix
699 1268 826 1322 dum
839 1273 991 1338 coepit
1003 1307 1020 1334 2
1036 1271 1241 1322 cursum
1250 1271 1404 1323 sistere
1416 1276 1633 1342 cogitur:

669 1341 872 1406 inopem
883 1337 1008 1391 dum
1018 1340 1153 1407 copia
1162 1336 1319 1390 reddit
1329 1379 1342 1399 ,

493 1404 547 1457 ὅ(
558 1404 786 1457 medium
794 1419 929 1456 extra
940 1406 1167 1457 medium
1184 1404 1367 1458 servare
1380 1406 1534 1472 jubet.

466 1472 539 1525 Ita
554 1472 761 1544 quidem
774 1509 792 1536 ,
808 1487 864 1524 ut
875 1489 933 1523 ne
947 1472 1106 1524 nullus
1117 1472 1172 1523 fit
1190 1473 1448 1542 aliquando
1462 1473 1567 1526 finis
1577 1509 1596 1537 ,

588 1539 669 1609 jun
708 1539 863 1592 endus
873 1538 928 1592 fit
937 1543 1070 1592 initio
1079 1544 1160 1593 vix
1168 1540 1300 1594 fasto
1309 1540 1414 1593 finis
1426 1561 1439 1595 τ

463 1605 567 1677 quo
579 1623 660 1660 me
698 1612 807 1659 ium
816 1607 871 1659 fit
883 1608 958 1660 vel
976 1606 1222 1679 nusquam
1231 1647 1249 1671 .,
1269 1611 1345 1661 vel
1357 1609 1603 1679 utrinque.

545 1677 725 1728 Unum
735 1689 901 1727 tamen
918 1676 1121 1742 adjicere
1132 1677 1203 1729 fas
1215 1677 1271 1729 fit
1283 1677 1500 1730 verbum
1518 1695 1531 1729 τ

467 1739 597 1795 dum
617 1745 809 1797 STEPHA
817 1760 910 1795 Nus
923 1743 1058 1796 dicto
1069 1747 1199 1798 terris
1214 1746 1319 1797 vale
1333 1783 1350 1809 ,
1375 1749 1619 1808 conticet3

644 1811 696 1863 ὅτ
707 1811 874 1861 dextra
882 1811 993 1878 post
1006 1827 1227 1863 mortem
1237 1814 1422 1883 integra

755 1878 1080 1929 RELIGIONEM
1096 1880 1325 1947 loquitur.

510 1944 607 1998 Etsi
623 1946 758 2001 enim,
766 1940 1068 1995 suaviffimus
1079 1950 1300 2014 corporis
1310 1948 1458 1998 totius
1468 1945 1596 1998 odor

501 2015 553 2065 ὅ(
563 2011 904 2065 saluberrimus
915 2049 933 2074 ,
949 2013 1037 2082 qui
1048 2031 1108 2064 ex
1117 2030 1177 2064 eo
1187 2013 1416 2080 profluxit
1427 2015 1588 2085 liquor

470 2079 678 2132 eandem
690 2080 740 2129 ὅ(
750 2077 995 2147 spiraverit
1005 2116 1022 2142 ,
1044 2079 1290 2149 &liquido
1302 2082 1614 2150 probaverit3

496 2165 673 2202 manus
692 2154 854 2197 tamen
867 2184 884 2208 ,
902 2148 1159 2265 ulriaeillam
1175 2163 1305 2199 tanta
1326 2150 1538 2219 largitate
1550 2187 1569 2213 ,

631 2213 857 2282 nulloque
868 2213 912 2265 fe
952 2232 978 2265 a
995 2214 1159 2269 labore
1170 2222 1458 2283 promovit3

543 2282 753 2337 eandem
761 2282 845 2335 fibi
857 2282 1091 2351 perpetuo
1101 2279 1298 2334 servasse
1312 2284 1408 2335 visa
1419 2284 1488 2335 est
1499 2322 1518 2349 ‚

606 2365 660 2403 ut
669 2349 867 2418 posteris
881 2350 1147 2401 monstrare
1159 2354 1292 2404 viam
1303 2349 1442 2420 polfit
1453 2388 1472 2417 ,

571 2418 671 2489 qui}
680 2416 902 2470 studium
913 2419 1215 2471 R1-:L1c1oNis
1225 2423 1492 2474 imitentur.

455 2485 562 2539 Iino
573 2485 691 2539 vero
701 2489 848 2537 etiam
858 2501 990 2539 totus
999 2486 1286 2538 monstravit
1295 2505 1407 2540 eam
1422 2488 1509 2541 suo
1520 2489 1656 2542 viam

739 2557 785 2604 in
801 2555 1029 2607 EMssruco
1044 2556 1345 2607 STEPHANust

609 2622 742 2689 Qia
752 2621 797 2674 se
807 2624 855 2674 in
867 2622 970 2686 illo,
988 2636 1159 2692 utpote
1169 2622 1411 2676 simillimo
1422 2660 1441 2686 ,

393 2692 445 2746 &
465 2692 524 2744 ad
536 2689 842 2761 Religionem
854 2727 872 2755 ,
890 2709 949 2742 ac
961 2694 1197 2744 virtutem
1208 2708 1417 2744 omnem
1427 2689 1641 2746 instituto
1652 2727 1671 2756 ,

585 2772 825 2828 tanquam
836 2761 946 2811 viva
954 2758 1120 2811 scilicet
1129 2759 1287 2829 effigie
1297 2759 1498 2829 reliquit.

617 2825 878 2879 Coronam
889 2841 1054 2880 tamen
1066 2827 1221 2898 Regni
1234 2824 1421 2880 sacram
1429 2864 1448 2892 ,

710 2909 764 2947 ut
774 2894 983 2948 securior
993 2914 1047 2948 ea
1055 2910 1335 2965 perennaret
1347 2931 1366 2959 ,

314 2980 412 3019 non
423 2965 610 3032 reliquit
627 2962 884 3031 repositam
897 2966 943 3015 in
953 2967 1109 3033 capite
1119 2964 1212 3016 Filii
1223 3001 1242 3027 ,
1259 2966 1584 3034 quantumvis
1594 2961 1725 3035 digni
1734 2986 1754 3033 3

498 3030 580 3087 fied
593 3030 694 3103 quo
705 3031 811 3085 ante
820 3031 1106 3156 depogutp-at
1117 3035 1187 3100 ‚in
1198 3031 1303 3088 sinu
1313 3031 1480 3086 Matris
1490 3050 1505 3102 ς
