2075 3292
817 21 1168 94 &exorere
1883 44 1947 100 Β

470 160 473 163 ⁴
532 115 713 182 utpote
723 116 952 184 quinovit
962 112 1147 182 optime*
1157 148 1175 175 ,
1195 110 1244 162 &
1255 109 1410 163 suevit
1422 149 1439 174 ‚

142 202 240 235 non
249 180 385 236 secus
397 220 412 247 ,
441 181 598 252 quam
610 185 924 250 pneumatico
943 185 989 232 in
1001 198 1187 250 organo
1200 177 1404 231 diversas
1413 184 1615 233 omnino
1625 180 1800 239 fistulas
1815 225 1834 253 ,

446 253 494 301 in
507 250 815 301 harmoniam
827 248 980 299 corda
995 246 1296 299 concordem
1308 252 1537 303 animare.
1868 305 1873 310 ᾖ

107 321 250 387 Qos
263 316 499 372 modestia
517 335 574 368 ac
587 314 803 368 demiffio
814 319 962 367 animi
974 313 1094 368 infra
1111 333 1286 369 omnes
1298 313 1536 382 abjecerat
1546 354 1560 373 ,
1581 332 1636 369 ut
1653 319 1840 388 pusillos
1851 359 1870 387 2

532 386 688 436 oculis
696 382 893 453 respexit
906 381 997 434 suis
1016 421 1031 440 ,
1049 386 1062 432 i
1068 381 1153 432 mo
1165 383 1212 433 ὅ(
1225 380 1441 450 suspexit.

284 452 437 524 ldq'ue
455 451 513 503 εὸ
525 457 681 522 magis
696 491 713 515 ‚
725 451 827 521 quo
839 450 1023 518 majore
1034 449 1078 501 se
1091 449 1352 502 reverentia
1364 449 1420 500 de
1429 450 1696 506 mittebant.

191 529 448 593 Magnum
458 537 635 588 nempe
644 521 763 590 quid
772 557 789 583 ,
802 517 949 592 atcjue
961 519 1114 570 altum
1125 521 1170 568 in
1180 518 1273 586 ipsa
1286 518 1351 569 hu
1359 519 1550 570 militate
1561 525 1773 578 notavit:

368 606 478 660 quae
489 586 608 640 cum
617 586 891 650 amoenafit‚
901 590 1022 655 rapit
1030 588 1220 636 animos
1229 603 1326 636 non
1339 586 1599 653 superbos:

397 661 514 727 quin
526 657 575 706 &
587 674 761 708 manus
770 656 946 724 pellicit
959 693 974 714 ,
994 669 1047 706 ut
1056 657 1175 706 inter
1183 655 1334 705 violas
1345 653 1569 710 elevetur.

452 726 554 791 Qi
565 742 686 776 vana
696 726 898 775 numina
907 723 1180 773 damnaturi
1190 720 1477 772 advenerant
1487 759 1506 786 ‚

496 797 546 845 δε
558 794 700 843 aliam
716 790 912 842 dusturi
924 827 941 853 ,
964 788 1264 858 destur‘ique
1284 792 1437 840 vitam
1452 825 1470 853 ,

571 863 760 912 mirum
775 862 821 909 in
835 860 968 929 Rege
989 856 1173 908 diversa
1182 856 1364 908 ste’cato
1374 895 1389 914 ,

363 930 445 981 Sui
457 966 474 990 ‚
494 926 907 999 vitaeq'uesecuros
924 920 1013 977 effe
1026 924 1150 993 juffit
1159 962 1177 987 ‚
1195 928 1208 976 i
1216 923 1299 975 mo
1308 928 1456 976 etiam
1465 920 1587 977 fovit
1598 938 1618 989 3

382 1015 441 1047 ne
451 997 550 1047 ullis
560 995 876 1048 subditorum
886 993 1005 1045 odiis
1022 993 1221 1046 obnoxii
1234 993 1393 1060 palam
1405 994 1576 1047 forent.

155 1064 450 1135 Tyrannum
462 1067 632 1115 timere
642 1077 829 1133 poterat
845 1060 1039 1130 pusillus
1051 1078 1170 1129 grex
1183 1097 1200 1123 ,
1222 1061 1272 1110 &
1285 1062 1480 1114 Patrem
1491 1059 1560 1112 est
1569 1077 1792 1130 expertus
1806 1083 1818 1117 :

691 1128 794 1181 imo
811 1128 1070 1199 plusquam
1082 1131 1290 1181 Patrem.

634 1195 776 1250 Cum
790 1198 1050 1249 Idololatrae
1064 1214 1160 1246 non
1173 1197 1313 1264 pauci

362 1284 420 1318 ne
430 1265 550 1317 filios
564 1265 770 1335 quidem
781 1265 1059 1315 CHRlsruM
1076 1264 1324 1332 sequentes
1334 1262 1608 1327 tolerarim&

547 1332 918 1383 nonnullietiam
937 1330 1198 1381 sustulerint
1209 1332 1235 1380 ἐ
1247 1334 1384 1384 vivis.

455 1401 662 1451 Paternis
671 1402 802 1449 enim
812 1397 999 1469 legibus
1015 1395 1248 1449 irritandis
1264 1401 1505 1450 intentum
1517 1436 1535 1463 ,

609 1465 742 1519 salvo
752 1466 941 1538 ubiq‘ue
954 1468 1074 1533 pede
1084 1465 1204 1516 stare
1215 1464 1371 1516 voluit
1381 1502 1399 1529 .,

245 1550 401 1606 quem
411 1535 699 1605 Regnorum
712 1534 930 1602 plurium
942 1534 1170 1602 exemplo
1187 1547 1373 1602 poterat
1384 1536 1702 1586 exterminare
1714 1547 1734 1598 5

516 1603 591 1654 vel
603 1600 867 1653 minimum
882 1600 1085 1667 dejicere
1095 1600 1456 1670 supplantando,
1765 1606 1768 1608 ’

402 1669 668 1740 Evangelio
680 1672 850 1721 locum
867 1669 999 1720 dedit
1009 1707 1025 1733 ,
1045 1671 1184 1739 quod
1194 1687 1291 1721 non
1302 1683 1573 1739 receperat:

565 1739 800 1789 Converti
812 1736 922 1789 suos
932 1737 1196 1789 clementer
1206 1737 1311 1788 tulit
1323 1773 1341 1799 ,

428 1809 515 1875 qui
528 1805 758 1859 Deorum
770 1805 922 1856 cultui
933 1823 1027 1856 non
1033 1804 1156 1857 dum
1167 1808 1546 1859 renunciaverat.

687 1877 820 1930 Hinc
831 1888 1185 1941 argumentum
1195 1890 1310 1941 cape
1327 1895 1338 1924 ε

294 1942 377 2007 qui
388 1938 614 1991 nondum
623 1957 800 1991 exutus
811 1943 1031 2008 gentium
1043 1958 1258 1992 errorem
1270 1977 1287 2002 ,
1299 1956 1405 1991 tam
1414 1939 1555 1990 facilis
1565 1936 1654 1989 fuit
1663 1978 1677 1997 ‚

139 2006 616 2076 quantabenignitate
632 2011 678 2057 in
690 2008 907 2059 Cmusu
926 2005 1088 2059 fideles
1106 2012 1310 2065 extiterit
1329 2007 1527 2059 indutus
1546 2008 1840 2061 CumsruM.

350 2077 415 2128 Ita
425 2076 530 2126 Rex
540 2073 650 2127 vere
662 2075 778 2126 DEo
791 2075 1008 2127 amabilis
1017 2079 1063 2126 in
1075 2077 1174 2144 ipso
1184 2076 1319 2145 quasi
1334 2075 1450 2128 flore
1465 2072 1592 2145 prius
1607 2111 1625 2138 7

556 2142 713 2212 quam
725 2147 770 2192 in
781 2141 949 2194 frue'cu
959 2146 1106 2194 etiam
1129 2143 1337 2212 gratioso
1348 2181 1366 2208 ,

636 2210 728 2261 Filii
739 2211 840 2261 Dm
850 2229 1033 2275 nomen
1042 2211 1343 2264 sortiebatur.

35 2277 277 2332 Caelibem
289 2277 616 2332 Sacerdotum
627 2277 1049 2330 orthodoxorum
1068 2282 1220 2331 vitam
1240 2276 1518 2347 obstupuit,
1539 2279 1590 2332 ὃ(
1603 2280 1944 2336 comendavit:

513 2344 652 2398 Cum
666 2349 880 2413 pretium
890 2345 992 2413 ejus
1008 2345 1170 2398 adhuc
1186 2349 1427 2415 ignoraret
1441 2383 1459 2409 .,

368 2413 472 2484 lege
482 2417 528 2464 in
540 2412 779 2466 membris
793 2412 894 2480 ejus
905 2413 990 2465 alia
1000 2417 1147 2465 etiam
1157 2413 1268 2466 tum
1279 2414 1577 2470 dominante.

376 2481 814 2534 Orandifer-vorem
825 2518 844 2545 ,
866 2481 918 2532 &
931 2480 1249 2534 affiduitatem
1265 2480 1534 2552 suspexerat
1552 2521 1571 2547 ,

167 2550 343 2618 :Cujus
352 2569 491 2604 mens
501 2550 696 2601 ultrahu
704 2567 846 2601 mana
858 2548 1087 2601 &infima
1104 2550 1207 2602 haec
1218 2549 1262 2602 se
1274 2549 1506 2602 nondum
1514 2551 1802 2609 extenderat.

403 2617 595 2687 ..vigilias
603 2621 783 2687 pietatis
794 2618 937 2670 causa
944 2616 1179 2687 susceptas
1188 2618 1536 2688 praedicaverat
1547 2657 1565 2684 ‚

364 2727 366 2730 v
379 2684 691 2738 etsivanusad
698 2687 795 2736 huc
803 2689 992 2738 animus
1002 2685 1173 2739 deliciis
1181 2687 1334 2739 saeculi
1343 2685 1596 2756 sopiretur.

303 2753 613 2824 Jejuniorum
623 2791 641 2817 .,
662 2753 982 2807 &sobrietatis
994 2755 1307 2806 constantiam
1318 2758 1399 2806 vix
1409 2756 1629 2823 capiebat
1639 2770 1660 2819 5

336 2839 494 2894 quem
504 2820 777 2873 commoda
787 2826 895 2874 vitae
907 2821 1017 2875 escis
1026 2826 1266 2875 irretitum
1273 2821 1364 2874 suis
1378 2823 1645 2891 capiebant.

449 2888 543 2942 Sed
552 2887 690 2960 quod
702 2889 938 2943 celebrare
948 2895 994 2943 in
1003 2891 1207 2945 tenebris
1218 2889 1490 2943 delectabat
1503 2933 1518 2952 ,

461 2976 589 3010 num
601 2961 773 3010 imitari
783 2958 956 3012 deinde
971 2964 1016 3011 in
1028 2957 1141 3012 fidei
1152 2960 1257 3011 luce
1269 2960 1509 3029 pigneris}

511 3027 670 3094 Qod
679 3027 915 3083 habuerat
923 3031 970 3081 in
980 3028 1163 3086 honore
1173 3044 1240 3083 cae
1245 3033 1429 3082 cutiens
1440 3064 1460 3093 o

1881 3111 1938 3142 an
