2075 3292
816 21 1164 98 ἓέἓὲἒΧοΧῃῖἕτὲἒ

794 115 896 166 imo
916 116 970 168 ὃς
987 112 1191 183 capeffit.

587 185 726 235 Nam
738 183 788 234 &
801 184 916 234 DEo
929 200 1092 251 parere
1105 219 1121 245 ,
1141 198 1337 251 regnare
1349 181 1433 235 est.

468 253 589 321 Qo
606 251 811 322 quidem
828 249 886 300 de
897 265 1073 301 eventu
1083 264 1139 300 ut
1151 267 1301 300 nemo
1313 247 1531 313 dubitet,

199 324 397 378 Corona
407 361 420 379 ‚
444 338 600 392 quam
610 322 741 388 regni
755 317 954 369 scutum
967 316 1188 379 exhibet,
1207 316 1373 385 insigni
1379 331 1493 368 tum
1504 320 1633 371 tern‘a
1650 320 1822 377 videat.

342 393 403 443 At
415 387 530 441 vero
541 388 653 449 solio
663 387 810 437 illatus
827 388 1036 436 mutavit
1045 383 1264 446 scenam,
1290 401 1388 434 non
1406 383 1688 451 personam,

622 452 851 522 perpetua
870 454 1057 503 virtutis
1069 467 1398 502 coNsTANnA:

594 538 705 591 quae
717 517 914 585 jamsub
933 535 1159 588 purpurae
1169 519 1417 570 involucro

461 587 762 643 ambitiofius
773 591 919 638 etiam
929 623 945 649 ,
966 587 1123 654 quam
1134 586 1238 637 ante
1248 624 1261 643 ,
1281 585 1326 637 se
1342 581 1591 639 efferebat.

151 658 404 713 Caeterum
415 657 549 710 idem
565 656 696 708 reeta
709 655 1022 724 persequendi
1041 652 1317 705 institutum
1333 654 1475 722 Regi,
1492 652 1631 724 quod
1648 656 1858 723 privato,

703 724 776 774 Pri
784 740 894 776 mus
913 719 1069 773 forsan
1080 735 1133 771 ut
1143 716 1253 772 effet
1263 758 1281 783 ,

577 795 623 843 in
636 807 738 863 quo
754 790 913 841 honor
927 807 1088 840 mores
1098 806 1196 840 non
1208 788 1407 840 mutarit
1422 824 1440 853 ,

738 875 797 908 ne
810 861 855 908 in
868 858 1088 908 meliores
1099 859 1329 927 quidem:

612 928 725 995 quia
733 922 923 993 semper
940 923 1144 976 servarat
1157 927 1389 992 optimOS.

193 996 411 1064 Princeps
421 996 462 1046 ei
476 1010 594 1044 cura
608 1031 625 1055 ,
647 1008 703 1045 ut
716 996 982 1061 genuinam
999 995 1097 1044 veri
1111 994 1333 1060 Principis
1343 991 1504 1042 ideam
1515 992 1793 1060 expingeret
1804 1007 1822 1041 ,ε

412 1059 619 1130 ideoque
634 1079 842 1112 omnem
864 1059 1046 1111 sceleris
1059 1059 1298 1112 umbram
1312 1058 1587 1110 declinavit:

638 1128 762 1180 nulla
773 1129 1002 1179 humanae
1023 1127 1230 1178 censurae
1242 1128 1361 1178 cura
1373 1163 1392 1191 ,

698 1194 825 1246 dum
836 1199 1051 1264 pingeret
1062 1197 1320 1248 aeternitati.

528 1263 723 1333 Effigies
741 1261 800 1312 ad
812 1266 1027 1313 vanitatis
1046 1281 1180 1314 aram
1195 1259 1531 1330 appendendas

380 1327 620 1394 ejusmodi
632 1328 1067 1382 dehonestamento
1080 1328 1281 1380 credens
1292 1324 1612 1381 honestandas
1631 1342 1646 1381 ζ

407 1412 454 1447 at
464 1400 732 1464 imaginem
747 1401 793 1447 in
804 1396 1000 1447 sacrario
1020 1397 1289 1448 Divinitatis
1300 1395 1626 1446 dedicandam

321 1480 454 1517 novo
465 1466 654 1517 censens
663 1463 1011 1517 elaborandam
1024 1462 1227 1516 artificio
1241 1500 1258 1526 ,
1279 1463 1468 1534 absq'ue
1477 1461 1692 1513 umbris:

426 1547 482 1583 ut
492 1531 640 1598 judici
659 1532 811 1583 oculo
821 1534 960 1600 supra
972 1531 1296 1592 solemlucido
1309 1532 1560 1600 probetur.

401 1598 589 1653 Idcirco
600 1603 826 1652 animum
843 1600 1086 1668 praecipue
1099 1597 1386 1652 obfirmavit
1397 1602 1444 1651 in
1463 1595 1626 1658 recto:

711 1667 870 1736 quoin
880 1667 1075 1722 sublimi
1088 1668 1277 1719 locatus
1287 1704 1305 1729 ,

618 1734 759 1806 quod
775 1738 888 1788 varii
906 1734 1111 1803 perflant
1128 1736 1346 1787 turbines
1357 1770 1376 1797 ‚

511 1859 519 1872 „
696 1802 924 1871 perstaret
938 1802 1128 1855 firmior
1145 1802 1171 1854 ἃ
1183 1802 1221 1853 la
1257 1800 1322 1853 su.

453 1871 743 1939 Voluptates
754 1870 923 1938 procul
934 1870 1133 1933 habuit,
1153 1884 1209 1921 ut
1257 1867 1419 1919 landas
1429 1865 1611 1935 pestes:

535 1938 690 2008 probe
702 1955 880 2007 gnarus
891 1975 902 1994 ‚
920 1955 1019 1988 non
1041 1937 1165 2006 alpes
1176 1935 1503 1989 Hannibalem
1515 1972 1533 2000 ‚

658 2004 740 2059 sed
753 2006 1080 2073 Campaniam
1089 2001 1352 2056 enervasse:
1482 2055 1485 2057 ,

319 2073 577 2144 indignum
586 2087 754 2126 autem
764 2070 854 2124 effe
867 2109 884 2135 ,
903 2087 1129 2124 mentem
1148 2108 1166 2134 ,
1185 2088 1296 2142 quae
1307 2070 1461 2141 vulgo
1473 2074 1713 2140 emineat,

705 2139 843 2191 sterni
865 2140 959 2191 telo
978 2155 1081 2193 tam
1098 2139 1297 2208 vulgari.

509 2209 737 2261 Primum
747 2226 798 2258 er
835 2226 866 2257 o
877 2206 1102 2260 edietum
1113 2207 1216 2258 tulit
1225 2212 1271 2258 in
1281 2206 1522 2262 illecebras

712 2274 779 2326 du
821 2292 910 2326 um
921 2293 1023 2326 reas
1033 2274 1294 2342 Majestatis
1309 2293 1323 2326 τ

691 2358 815 2412 quas
829 2342 880 2393 &
890 2343 1028 2394 exilio
1048 2340 1307 2394 muletavit
1318 2378 1333 2397 ,

553 2409 820 2481 postquam
829 2413 1112 2479 totimperia
1122 2404 1453 2479 prodidissent.

247 2476 415 2533 Iisdem
427 2477 579 2547 junxit
590 2477 892 2548 Cupidinem
908 2479 1120 2547 profanae
1131 2479 1330 2531 Veneris
1338 2494 1527 2529 caecam
1544 2479 1789 2549 pupillam.

436 2549 546 2600 Sive
557 2550 671 2619 quia
689 2546 809 2601 male
819 2550 1114 2605 conveniunt
1134 2544 1358 2612 majestas
1377 2546 1428 2598 ὅ(
1438 2563 1578 2599 amor
1588 2561 1608 2610 5

441 2624 443 2627 “
661 2614 758 2669 slve
772 2617 887 2685 quia
907 2614 1163 2667 metuebat
1179 2632 1332 2686 regno
1350 2634 1367 2679 ,-

407 2683 555 2752 cujus
566 2700 665 2748 non
675 2701 787 2745 rest,
805 2681 886 2735 sed
905 2683 985 2735 vel
999 2682 1252 2751 inquilinus
1269 2678 1382 2733 effet
1392 2679 1476 2735 iste
1493 2697 1631 2753 puer.

624 2754 686 2806 At
695 2748 826 2806 laesus
838 2769 980 2813 amor
988 2752 1087 2805 abit
1096 2753 1141 2803 in
1156 2750 1404 2805 furorem:

777 2819 828 2882 ὅ(
837 2819 954 2892 quia
965 2834 1176 2879 armatus
1186 2817 1257 2870 est
1266 2855 1285 2882 ,

676 2885 925 2950 clasficum
940 2891 1062 2940 canit
1072 2891 1120 2939 in
1143 2888 1365 2939 ERICUM.

615 2956 857 3021 Huncille
867 2971 922 3013 ut
935 2972 1180 3028 expugnet
1197 2954 1394 3009 hostem
1403 2988 1423 3018 ι,

701 3023 1317 3096 prditurpugnamafuga:
