2055 3292
880 53 1236 126 ffissoxffl

608 141 840 196 Urbanus
850 141 947 193 hoc
960 147 1160 194 nomine
1184 142 1450 197 Secundus.

219 218 294 273 Ex
306 230 408 288 quo
419 230 517 266 non
530 210 802 264 castrorum
817 209 971 261 modo
983 248 999 273 ,
1014 210 1096 262 sed
1108 210 1158 261 δε
1171 211 1412 263 astrorum
1424 209 1569 264 audiit
1578 212 1866 280 Imperator:

373 283 509 348 cujus
519 295 799 332 FORTITUDO
818 277 1024 329 secunda
1038 283 1204 330 omnia
1212 281 1445 347 spondere
1456 279 1727 333 videbatur.

344 351 435 403 Sed
444 367 553 403 ecce
564 351 651 399 vix
669 345 879 400 buccina
897 346 1149 398 classicum
1166 346 1574 400 sacruminsonuit
1586 350 1715 402 Mars
1727 384 1745 412 ,

530 415 632 485 jam
642 416 861 481 receptui
872 432 1042 465 canere
1059 414 1197 479 jubet
1209 433 1373 466 amara
1386 435 1540 470 mors·

628 484 755 549 Qae
764 479 975 533 nimium
991 480 1159 534 scilicet
1182 484 1399 535 humana

417 556 462 604 in
474 549 717 604 liminibus
727 549 966 602 Moraviae
979 551 1252 602 adventanti
1261 555 1474 604 occurrit
1485 551 1605 620 Regi
1623 566 1643 606 t

361 622 413 675 δί
422 640 480 673 ne
491 619 645 690 longae
657 616 946 685 expeditioni
959 618 1197 687 longiores
1206 619 1467 672 innecteret
1488 635 1651 671 moras
1661 653 1681 680 ,

476 691 741 739 Parcarum
762 685 1023 737 ministerio
1034 685 1369 753 praeciditvitae
1385 685 1589 757 paffum.

361 761 435 809 Sic
447 753 506 806 ad
517 755 748 805 Moraviae
758 753 824 804 flu
833 757 960 804 mina
971 752 1135 805 dolore
1150 753 1394 823 oppreflus
1404 757 1723 822 extinguitur:

461 826 545 893 qui
564 823 813 892 Solymaeae
825 825 938 872 arcis
955 838 1120 872 amore
1131 821 1378 875 succensus
1392 822 1611 874 ardebat:

444 891 496 943 &
508 888 629 943 cum
639 890 756 942 sacri
769 891 972 959 gloriam
982 890 1218 958 sepulchri
1233 895 1412 960 erigere
1424 889 1620 943 volebat
1631 923 1650 951 ,

736 957 836 1007 fato
847 955 984 1024 spem
1003 962 1324 1026 praecipitante
1337 997 1355 1020 ,

603 1023 772 1076 incidit
782 1028 825 1075 in
838 1024 995 1093 gloriae
1006 1024 1318 1094 sepulchrum
1330 1026 1437 1080 suae.

333 1095 406 1147 Ex
419 1111 523 1167 quo
534 1108 698 1145 tamen
708 1092 807 1161 ipso
817 1091 1125 1160 splendorem
1141 1093 1212 1144 illa
1224 1099 1443 1163 concepit
1456 1091 1771 1160 ampliorem:

463 1166 575 1232 quia
586 1160 694 1212 inde
706 1163 755 1211 ὅ(
769 1158 899 1229 apud
915 1163 1122 1229 Superos
1133 1160 1389 1213 consecuta
1403 1162 1641 1230 plausum.

254 1230 436 1303 Necjue
448 1234 580 1282 enim
599 1229 690 1280 illic
709 1247 763 1279 ea
775 1265 792 1292 ,
816 1227 915 1299 qua
928 1227 985 1279 de
997 1243 1070 1279 tot
1081 1228 1301 1281 hostibus
1317 1231 1640 1299 triumphavit
1648 1222 1835 1286 vietor,

731 1294 909 1366 sepulta
920 1297 988 1347 est
997 1297 1299 1350 Foerrum.

474 1362 581 1417 lm&
593 1361 738 1433 seipsa
750 1364 927 1432 major,
940 1366 992 1415 δί
1014 1380 1230 1416 mortem
1249 1370 1312 1417 ita
1326 1359 1566 1433 superavit
1580 1376 1602 1426 5

626 1447 682 1483 ut
693 1438 863 1500 apertis
879 1448 963 1501 per
972 1431 1181 1484 eandem
1192 1433 1310 1484 illico
1329 1436 1476 1502 portis
1488 1470 1506 1495 ‚

490 1499 783 1553 sanctiorem
795 1500 1032 1552 Palaestina
1046 1516 1224 1552 terram
1235 1501 1586 1572 ingrederetur:

526 1569 577 1620 ὅ(
593 1573 640 1619 in
647 1567 927 1620 sublimiore
939 1570 1088 1620 Sionis
1105 1570 1255 1636 Regia
1264 1569 1569 1637 triumphans

617 1635 831 1705 trophaea
841 1636 926 1692 fibi
936 1636 1160 1689 statueret
1175 1637 1478 1706 sempiterna.
