2075 3292
836 38 1188 109 ἓέὶὲχοχὲζῗὲ

351 144 516 209 ingens
539 149 853 185 coNsrANTtffi
874 146 1264 181 monumentum
1277 168 1292 186 ,
1319 129 1444 182 dum
1460 150 1557 185 non
1570 130 1674 190 stat,

450 202 666 269 Qando
682 215 844 250 tamen
858 200 905 246 ὅ(
918 197 1276 248 decernendum
1289 201 1516 252 cominus
1527 240 1546 266 ,

514 288 571 320 ne
583 267 704 320 forte
726 268 768 317 se
777 282 915 333 mper
932 264 1047 333 fuga
1057 279 1245 315 notaret
1254 269 1522 334 ignaviam3

543 354 676 388 novo
688 327 1027 401 congressurus
1038 330 1287 401 pugnandi
1300 351 1471 402 genere
1482 372 1500 397 7

574 402 770 473 glacialis
782 417 917 469 aquae
932 399 1082 450 cados
1097 399 1231 465 jubet
1242 406 1466 469 apparari.

466 473 644 533 Fallor‚
666 488 722 519 an
740 469 944 518 Neronis
955 482 1273 519 revocaturus
1291 484 1515 536 tempora
1526 507 1543 532 ,

479 542 712 609 Aqueum
730 534 915 587 instruis
932 536 1352 603 amphitheatrum
1372 538 1550 600 Emcss,

392 625 574 658 novam
586 604 837 675 spe&atori
848 602 1148 653 exhibiturus
1159 603 1284 653 coelo
1295 606 1644 656 naumachiam
1654 611 1676 656 ,Ρ

676 690 732 722 an
752 670 911 738 potius
924 670 1080 720 hicille
1103 674 1261 721 circus
1275 671 1344 721 est
1358 709 1375 734 ,

314 746 358 794 in
371 759 523 812 quem
546 738 893 808 antagonistam
911 740 1153 790 Venerem
1169 754 1408 805 provocas
1421 738 1479 788 ad
1497 757 1744 794 certamen
1756 780 1774 808 ,

644 805 784 858 ludos
799 806 999 856 daturus
1010 806 1119 856 vere
1130 807 1404 874 olympicos
1415 811 1433 861 ξ

540 875 605 927 lta
617 878 851 926 nimirum
863 914 874 932 ‚
893 889 948 923 ut
959 890 1068 942 quae
1084 873 1205 923 male
1217 891 1324 924 nata
1341 879 1385 924 in
1396 872 1534 926 undis
1545 908 1558 927 ι

780 939 922 991 undis
932 944 1265 1008 extinguaturt

673 1009 723 1059 ἃ
738 1025 878 1058 cunae
898 1007 1041 1070 dent,
1063 1007 1368 1075 sandapilam.

374 1077 586 1146 Quando
606 1077 729 1128 code
737 1095 790 1126 m
799 1080 842 1125 in
855 1076 986 1126 fonte
998 1076 1254 1145 quaerenda
1270 1080 1436 1128 veneni
1451 1077 1660 1130 antidota
1671 1116 1690 1143 ‚

765 1142 892 1195 uncle
908 1142 1318 1210 pestisemanavit„

790 1211 884 1261 Sed
896 1210 1008 1261 astu
1017 1229 1066 1262 m
1081 1215 1252 1279 agitur.

419 1281 699 1347 Nunquam
711 1277 754 1329 {e
776 1279 890 1329 huic
899 1277 1118 1346 palaestrae
1131 1280 1417 1328 committet
1436 1279 1630 1332 Venus:

403 1364 513 1417 quae
525 1350 585 1396 ini
594 1352 720 1397 mica
731 1346 928 1415 frigori,
948 1346 1217 1430 stativisque
1230 1348 1384 1396 amica
1396 1345 1649 1400 ardoribus
1660 1383 1678 1412 ‚

673 1415 725 1465 ὃς
737 1416 932 1464 delicata
943 1430 1031 1482 pro
1043 1412 1178 1464 sexus
1191 1431 1329 1464 more
1340 1450 1354 1469 ‚

468 1482 657 1532 mavult
670 1486 714 1532 in
733 1483 901 1549 pluma
915 1518 932 1543 ,
951 1483 1109 1552 quam
1127 1480 1323 1545 bruma,
1340 1480 1598 1533 decertare.

368 1550 609 1618 Mergitur
619 1553 810 1600 interim
820 1549 1088 1619 algentibus
1105 1549 1246 1600 undis
1257 1547 1469 1600 invid'ffls
1488 1548 1644 1617 pugil3

696 1619 747 1667 ὅ(
764 1631 872 1668 toto
883 1615 927 1668 sc
949 1617 1124 1685 proluit
1132 1630 1362 1683 corpore:

624 1684 719 1735 slve
730 1700 784 1736 ut
798 1687 1011 1753 Spartani
1029 1683 1235 1736 aemulus
1245 1684 1434 1736 roboris

538 1753 689 1803 hocin
712 1754 890 1804 Eurota
907 1751 1095 1804 induret
1106 1767 1234 1803 artus
1246 1755 1289 1801 in
1303 1750 1492 1802 luotam
1511 1764 1532 1813 3

582 1819 675 1870 five
687 1836 742 1870 ut
754 1835 884 1871 totus
896 1819 1166 1889 obrigescat
1185 1822 1230 1868 in
1242 1819 1457 1888 glaciem
1469 1856 1487 1883 .,

663 1903 830 1937 contra
843 1902 1137 1938 tentamenta
1150 1886 1408 1954 voluptatis

657 1970 764 2006 tarn
784 1955 980 2021 lubricae
993 1992 1010 2017 ,
1034 1955 1191 2025 quam
1238 1954 1428 2005 laciatae.

466 2023 775 2091 Qanquam
788 2021 820 2073 si
833 2022 987 2074 modo
1001 2023 1196 2090 obrigui
1237 2037 1281 2072 et
1292 2027 1337 2071 in
1350 2023 1588 2090 glaciem,

581 2087 761 2142 dissolvi
780 2105 965 2159 poterat
982 2088 1040 2140 ad
1060 2094 1192 2159 ignes
1203 2087 1456 2158 Cypridis:

577 2176 708 2209 nunc
725 2158 787 2207 ad
800 2156 1001 2208 eosdem
1021 2161 1171 2208 etiam
1182 2155 1496 2209 obfirmatur.

501 2227 573 2277 Ut
588 2228 821 2296 Stygium
833 2242 1033 2277 amnem
1058 2225 1141 2274 has
1166 2224 1320 2274 undas
1332 2224 1536 2275 dixerim
1546 2244 1563 2290 3

630 2293 814 2362 quibus
833 2292 1018 2344 mersus
1027 2290 1244 2343 AEacides
1262 2291 1438 2343 melior

388 2370 525 2437 ignea
537 2360 796 2429 Cupidinis
814 2358 902 2410 tela
920 2359 1013 2408 sine
1028 2359 1225 2410 vulnere
1245 2362 1405 2428 potuit
1415 2354 1664 2429 excepisse.

552 2430 721 2482 Venus
733 2442 902 2479 autem
914 2464 931 2489 ,
961 2427 1088 2477 dum
1096 2444 1195 2478 non
1206 2430 1379 2490 vincit,
1400 2428 1530 2481 vidta

586 2493 1062 2567 palmamconceclit,
1082 2494 1358 2564 vietor‘ique
1374 2495 1515 2553 cedit.

702 2566 828 2617 Bene
840 2563 1009 2615 habet:
1025 2561 1180 2613 vicisti
1202 2564 1389 2629 ERICE,

632 2632 727 2705 ipsa
740 2630 887 2683 hostis
901 2628 1189 2682 confeffione
1197 2629 1430 2700 superior!

476 2706 631 2760 Nunc
643 2716 733 2754 tuo
750 2704 797 2752 in
807 2697 933 2750 cado
945 2736 961 2762 ,
987 2698 1119 2751 velut
1128 2695 1290 2751 elledo
1307 2700 1612 2769 triumphali,

653 2767 747 2838 ipse
763 2767 850 2821 tibi
862 2782 1098 2819 aeternum
1109 2766 1175 2826 sta
1185 2767 1470 2837 trophaeum

658 2840 803 2888 animi
816 2839 861 2885 in
875 2836 1145 2904 voluptates
1159 2834 1426 2888 obfirmati.

407 2910 614 2969 Novus,
633 2905 684 2956 &
706 2903 873 2954 melior
884 2904 960 2954 De
970 2903 1153 2954 mocles
1162 2901 1405 2955 obtinuisti
1420 2904 1445 2954 ἃ
1459 2904 1612 2973 glacie
1622 2942 1641 2972 ⁷

591 2970 730 3043 quod
750 2973 826 3021 hic
840 2970 1040 3022 ferventi
1059 2970 1278 3041 quaefivit
1288 2975 1330 3021 in
1344 2971 1515 3027 aheno,
1640 2990 1642 2993 ·

637 3037 916 3108 Utrumque
931 3054 1094 3094 tamen
1110 3038 1146 3093 fi
1162 3046 1415 3108 compono
1426 3077 1444 3105 ,
1588 3039 1589 3042 ’

1889 3113 1992 3167 De·
