2075 3292
83 61 148 130 25
868 44 1259 119 ἓὲἐὲκοχέἓᾲὲ·

456 143 621 212 quaein
630 136 675 190 se
690 139 873 192 virtutu
881 155 933 186 m
946 138 1178 186 omnium
1191 132 1407 190 continet
1418 133 1626 198 flemina„

654 205 786 258 velut
798 201 990 255 iliadem
1000 199 1365 253 nuceclausam.

393 280 578 330 Sanum
587 276 794 344 quoq'ue
805 308 822 334 ‚
845 287 901 321 ac
913 268 1120 323 beatum
1132 263 1313 330 vixisse,
1328 267 1458 320 facile
1473 270 1683 341 intelligis
1693 306 1712 332 ‚
1786 286 1790 291 ·
1809 277 1812 280 '

165 352 249 420 qui
263 348 512 401 Platonem
524 343 687 394 audis:
705 342 754 392 T
754 340 1108 407 emperantiam
1118 339 1225 389 vitae
1243 336 1508 389 hominum
1525 337 1789 391 custodem
1800 337 1887 392 esse
1901 360 1920 406 ,-

130 417 182 470 &
193 421 238 468 ni
247 416 303 466 hil
313 419 358 465 in
372 414 570 465 homine
584 409 694 462 mali
706 407 832 458 nasci
844 401 973 475 poffe
983 442 1003 468 „
1019 408 1105 474 qui
1119 407 1464 458 continentiam
1479 404 1620 458 fiaerit
1641 406 1959 474 amplexatus,

153 483 266 537 Ideo
277 497 446 535 veteru
453 499 502 532 m
514 519 528 540 ,
545 495 603 529 ac
615 473 745 529 recte
755 473 1043 543 sapientium
1056 474 1409 524 Romanorum
1416 472 1613 526 secutus
1622 474 1933 543 exemplum,

287 550 421 622 quali
435 563 649 600 matrem
660 545 801 597 bonae
812 540 1113 603 valetudinis,
1128 539 1517 595 moderationem
1536 542 1824 595 observavit.

450 618 704 667 inimicam
714 609 885 681 uticjue
899 612 1132 678 apparatis
1141 608 1200 658 ad
1212 607 1388 660 luxu-m
1401 608 1549 677 epulis
1558 644 1576 672 ,

557 682 756 732 alienam
766 678 793 730 'a
803 677 988 747 poculis
1002 676 1205 729 cerebro
1222 677 1491 745 periculosis
1504 723 1517 742 ‚

260 752 321 806 ab
333 750 422 804 usu
435 752 633 804 Veneris
645 747 719 799 vel
728 746 883 797 illicito
901 782 919 809 .,
938 744 1014 797 vel
1026 748 1124 796 min
1131 736 1186 796 us
1198 742 1456 796 moderato
1467 745 1837 800 abhorrentemt

449 833 504 870 ut
514 816 684 869 scilicet
696 814 864 866 medin
872 832 926 865 m
937 827 1112 864 teneret
1124 813 1311 883 ubicj'ue
1328 828 1452 863 cum
1467 810 1623 863 Beatis

554 888 600 935 in
616 881 782 935 medio
802 886 986 932 virtutis
997 884 1315 950 integerrimae
1325 877 1529 948 ριιηᾶο.

179 960 407 1014 Noverat
417 950 602 1007 luxuria
613 987 630 1013 ,
645 951 695 1001 &
710 949 903 1002 libidine
917 953 1149 1000 virtutem
1168 952 1327 1010 atteri,
1353 949 1401 998 ὃ(
1418 948 1488 998 lan
1496 966 1644 1018 guere
1655 946 1882 1001 vifiorias
1890 981 1911 1012 ‚

476 1022 694 1088 Sopitam
710 1018 914 1087 gloriam
928 1020 974 1068 in
993 1014 1244 1068 infamiam
1261 1015 1525 1080 declinare,
1800 1013 1808 1021 ”

458 1086 707 1155 animique
719 1090 890 1154 pariter
900 1119 917 1147 .,
934 1085 984 1135 ὅ(
999 1088 1216 1151 corporis
1225 1087 1347 1136 vires
1357 1084 1636 1155 expugnari.

611 1152 1008 1223 Epaminondam
1022 1153 1540 1220 SapienteraemulatUS,

486 1220 594 1276 tum
613 1222 686 1274 vel
700 1220 916 1273 maxime
926 1215 1230 1288 vigilandum
1242 1221 1391 1270 Princi
1393 1224 1440 1287 pi
1459 1237 1587 1272 ratus
1596 1258 1613 1283 ,

451 1291 574 1345 cum
589 1290 795 1359 populus
809 1288 1024 1339 maxime
1035 1323 1051 1349 ,
1060 1303 1114 1337 ut
1124 1285 1238 1337 solet
1247 1320 1265 1347 5
1276 1285 1494 1356 indulget
1505 1292 1669 1357 genio.⁸

449 1377 507 1413 ne
519 1363 670 1412 virtus
682 1360 832 1426 Regia
851 1361 896 1406 in
909 1357 1110 1407 vanitate
1128 1352 1277 1422 plebis
1299 1353 1618 1410 evanesceret.

499 1429 671 1497 Regias
681 1429 828 1495 igitur
836 1440 952 1492 opes
963 1457 980 1486 ι,
994 1424 1045 1473 &
1057 1422 1242 1474 delicias
1264 1424 1531 1476 EDJLBERTI

517 1513 575 1546 ne
588 1499 632 1544 in
652 1492 827 1544 desidia
845 1527 863 1553 ,
882 1489 1001 1542 luxu
1013 1526 1027 1547 ,
1054 1489 1386 1559 voluptatibus
1399 1506 1575 1559 quaere.

405 1564 477 1615 Ex
488 1566 539 1614 iis
550 1564 622 1613 eni
632 1578 682 1612 m
693 1599 707 1617 ,
734 1577 842 1630 quae
857 1558 928 1610 his
939 1558 1167 1627 negleEHS
1179 1591 1195 1617 -,
1220 1560 1266 1608 in
1278 1555 1322 1608 lu
1331 1573 1423 1612 cro
1434 1557 1677 1626 reposuit,

559 1626 1076 1682 tributariumsecrevit
1087 1624 1297 1696 'vectigal
1315 1625 1544 1679 EcclefiiS.

280 1697 449 1756 imo&
462 1698 637 1749 Aulam
648 1697 785 1748 suam
802 1700 845 1746 in
866 1693 1125 1747 Ecclesiam
1135 1697 1375 1746 convertit
1387 1710 1471 1763 per
1486 1692 1831 1763 Augustinum.

405 1766 650 1818 Exstruxit
669 1761 915 1816 Coenobia
932 1758 1263 1815 conservandis
1276 1762 1536 1816 virtutibus
1548 1776 1653 1830 apta
1665 1799 1685 1827 ,

677 1849 732 1883 ut
743 1830 1058 1900 adelphon-op
1067 1833 1138 1882 hia
1150 1833 1350 1899 pietatis.

412 1897 730 1970 Episcopatus
745 1903 893 1951 erexit
903 1898 1114 1968 religioni
1124 1896 1447 1967 propagandae
1460 1893 1659 1950 idoneos
1670 1932 1691 1962 ‚

636 1983 872 2038 tanquam
884 1966 1082 2035 publica
1093 1962 1204 2016 fidei
1221 1967 1277 2017 Se
1284 1968 1382 2017 min
1389 1969 1498 2018 aria.

254 2036 497 2105 Loquitur
513 2039 789 2087 etiamnum
810 2035 910 2102 ejus
927 2032 1309 2085 munificentiam
1324 2033 1489 2101 Anglia
1501 2066 1518 2095 .,
1531 2030 1581 2082 ὃ(
1594 2031 1849 2086 Cantium.

285 2104 386 2156 Ubi
402 2103 579 2174 insigne
600 2103 864 2155 Monasteri
869 2118 900 2152 u
907 2118 960 2152 m
971 2099 1319 2170 Apostolorum
1331 2098 1632 2167 Principibus
1641 2099 1837 2152 dicavit.

218 2171 321 2224 Sub
337 2188 561 2240 quorum
571 2169 934 2223 scil-icetumbra
947 2186 1069 2221 cum
1084 2166 1356 2237 Augustino
1367 2163 1453 2218 suo
1473 2169 1579 2218 Rex
1598 2167 1884 2235 quiesceret.

95 2243 162 2296 Ita
180 2257 236 2290 ne
245 2259 296 2290 m
333 2258 358 2290 e
382 2239 664 2290 detractum
690 2239 775 2292 sibi
795 2242 1010 2289 nimium
1032 2233 1244 2288 transivit
1261 2238 1308 2285 in
1326 2238 1582 2302 optimum
1600 2235 2011 2305 temperamentfi.

166 2309 275 2363 Tan
312 2326 396 2359 em
405 2311 489 2377 qui
501 2307 563 2358 fic
572 2310 688 2358 vixit
697 2341 713 2369 ,
725 2322 886 2358 utnon
903 2302 1063 2356 minus
1074 2302 1202 2355 coelo
1212 2338 1229 2365 ,
1241 2318 1298 2353 ac
1309 2301 1395 2355 fibi
1407 2338 1424 2364 ‚
1434 2299 1716 2372 quamiuis,
1727 2307 1941 2371 viveret,

592 2374 707 2427 abiit
717 2376 742 2425 ἐ
753 2377 872 2426 vivis
884 2388 944 2425 eo
956 2386 1305 2423 TEMPERANTIAE
1314 2368 1482 2422 fructu
1495 2408 1514 2434 ,

514 2459 618 2513 quo
629 2447 675 2494 in
687 2445 939 2494 aeternitate
950 2438 1071 2492 felici
1081 2436 1315 2508 perpetuo
1324 2437 1614 2498 reficeretur.

515 2514 608 2566 Sex
618 2512 1028 2580 &quinquaginta
1038 2525 1185 2559 annos
1193 2509 1427 2577 Regnum
1439 2513 1615 2562 tenuit:

603 2576 875 2632 valetudine
885 2578 982 2628 fere
992 2576 1174 2645 integra
1186 2613 1202 2640 ,
1215 2582 1268 2629 δε
1281 2577 1357 2627 lon
1396 2575 1497 2628 aev‘a
1506 2615 1522 2634 ,

137 2656 253 2724 quia
265 2651 314 2703 δε
327 2650 617 2710 Nutricem3
639 2647 689 2698 &
708 2646 946 2715 Sospitem
963 2644 1128 2697 habuit
1138 2660 1357 2696 amatam
1388 2660 1558 2714 emper
1576 2658 1980 2698 TEMPERANTIAM.

107 2721 265 2789 Cujus
280 2720 417 2772 cultu
433 2716 553 2769 cum
569 2719 827 2777 emineret,
852 2713 1222 2765 documentum
1241 2712 1545 2781 Principibus
1563 2713 1750 2782 reliquit
1765 2712 2012 2786 singulare.

383 2783 540 2853 Qod
553 2821 570 2848 ,
589 2783 709 2835 ficut
727 2780 1088 2852 intemperantia
1099 2778 1284 2832 excidiu
1294 2798 1347 2832 m
1356 2781 1425 2832 est
1438 2780 1729 2852 Regnorum
1741 2819 1756 2841 ‚

708 2849 948 2902 &infame
959 2852 1158 2920 Regum
1167 2847 1376 2901 dedecus
1390 2870 1407 2915 3

426 2922 501 2974 Sic
512 2936 573 2972 TE
581 2934 858 2971 MPERANTIA
869 2917 922 2969 fit
932 2915 1257 2986 utrorumque
1269 2917 1414 2987 gloria
1424 2955 1436 2973 ‚
1462 2915 1512 2968 &
1524 2915 1724 2972 felicitas
1735 2950 1757 2981 ,

680 3002 791 3040 tum
802 2990 845 3038 in
858 2988 949 3040 hac
961 3025 978 3052 ,
989 3002 1100 3040 tum
1115 2989 1162 3038 in
1179 2985 1339 3038 futura
1353 2988 1463 3038 vita.

1865 3054 2022 3122 Qon
