2055 3292
801 16 811 24 ⁸
852 26 1212 97 QNOXQ
1893 34 1953 92 81

680 110 858 165 ludum
877 112 962 166 fibi
973 114 1226 183 aliquando
1242 115 1356 174 fore.

548 180 742 234 Achillis
752 181 967 232 lanceam
979 219 997 244 .,
1020 180 1168 234 Perlei
1188 183 1424 252 clypeum
1435 233 1452 253 ‚

541 247 736 300 scutum
746 247 969 301 Hectoris
978 285 996 312 ‚
1017 249 1210 302 clavam
1226 253 1465 308 Herculis·

424 380 427 383 Ι
552 318 663 383 Qi
671 334 769 367 non
779 332 992 368 creverat
1001 316 1062 367 ad
1073 317 1230 386 lyram
1242 320 1460 387 Orphei,

468 403 560 437 nec
573 382 868 435 Smindiridis
878 383 1191 435 indormierat
1205 387 1380 455 plumis
1436 407 1534 442 uer.

82 462 121 514 A
137 460 304 512 teneris
315 454 587 524 unguiculis
598 452 816 503 Leonem
831 451 1000 519 collige
1012 488 1029 513 ,
1044 455 1087 502 in
1100 405 1747 522 generosos-aii‘urre&urum
1759 460 1920 525 ausus3

652 517 772 571 cuin
784 520 874 570 Dei
887 517 1045 569 hostes
1055 525 1367 575 occurrerint.

454 588 541 641 Ma
579 604 732 648 num,
751 585 936 648 verbo,
957 604 1190 656 augurare
1201 593 1247 639 in
1267 589 1530 646 omnibus:

147 677 303 732 quem
316 661 532 727 magnitu
571 659 654 706 inis
667 657 827 722 primo
838 658 1071 722 principio
1080 659 1237 722 prima
1257 657 1531 710 rudimenta
1539 659 1841 717 dedicarunt.

269 731 402 783 Hinc
413 743 471 776 ne
487 728 658 776 mirare
669 760 683 778 ‚
706 720 843 791 quod
856 724 1014 772 minor
1023 723 1079 772 ad
1090 724 1188 774 huc
1201 725 1386 792 majora
1397 733 1693 795 promeritus
1708 766 1727 794 ,
1765 740 1776 752 ⁸

357 793 632 844 tarditatem
643 830 655 847 ‚
677 791 725 840 &
741 808 904 841 moras
920 808 1164 840 annorum
1176 799 1453 859 praevenerit
1467 794 1623 847 indole
1634 834 1648 853 2

340 861 389 913 &
403 863 588 913 virtutis
600 861 874 909 maturitate
890 861 1147 908 correxerit
1156 863 1299 911 aetatis
1311 862 1652 928 acerbitatem,-

453 927 532 996 spe
545 929 759 977 maxima
780 924 1006 992 utrinque
1026 925 1154 977 bona
1164 932 1492 995 promittente.

111 1001 177 1051 lta
190 1012 329 1049 natus
339 1033 356 1060 ,
374 992 705 1063 educatusque
725 992 782 1042 ad
804 1010 981 1061 magna
993 998 1181 1045 animus
1200 995 1260 1044 ad
1273 1014 1453 1067 magna
1464 1014 1677 1067 parvum
1694 1001 1890 1062 extulit3

328 1081 521 1115 coronae
535 1066 714 1130 aptavit
732 1097 748 1121 .,
770 1061 1022 1130 cord'aque
1037 1062 1212 1113 obtulit
1225 1064 1377 1132 Regni
1392 1065 1679 1121 Galliarum.

391 1132 543 1184 Succe
552 1131 619 1180 dit
630 1133 775 1199 igitur
784 1133 989 1179 emerito
1003 1130 1125 1179 Patri
1146 1129 1416 1183 duodennis
1434 1151 1576 1185 natus
1588 1171 1605 1198 ‚

729 1213 888 1247 novus
899 1198 1066 1247 Atlanti
1079 1197 1131 1248 Al
1137 1204 1284 1251 eides,

109 1267 226 1320 Non
244 1281 435 1336 premet
454 1269 620 1317 virum
632 1263 764 1316 orbis
779 1264 815 1314 F
815 1268 978 1315 ranciae
988 1301 1005 1325 ,
1029 1280 1183 1333 quem
1199 1270 1374 1334 puerin
1389 1267 1454 1319 hu
1463 1287 1624 1320 meros
1635 1269 1887 1323 reclinavit.

268 1333 439 1386 Pusillo
452 1350 698 1400 corpore,
718 1333 819 1396 jam
832 1335 1022 1401 magnis
1032 1337 1198 1383 animis
1208 1370 1224 1394 7
1239 1335 1457 1405 &longis
1470 1337 1695 1390 manibus
1705 1374 1725 1401 ,

559 1396 745 1466 sceptro
756 1416 910 1449 unam
919 1402 1120 1468 porrigit
1130 1401 1402 1453 ornandam
1412 1439 1431 1467 ,

583 1465 705 1518 cum
717 1466 871 1534 plures
890 1465 1050 1520 ferulae
1062 1467 1411 1539 castigandam.

603 1534 687 1587 Nil
697 1538 884 1585 territus
897 1534 1197 1601 majestatem
1208 1536 1361 1588 induit
1371 1575 1388 1599 7

499 1600 620 1654 cum
633 1602 770 1670 aliqui
784 1617 1068 1667 praetextam
1078 1621 1253 1655 exuere
1267 1620 1509 1656 verentur.

610 1669 907 1723 Conscendit
918 1668 1093 1721 solium
1110 1670 1214 1723 solis
1227 1676 1271 1723 in
1279 1672 1394 1733 star,

455 1741 606 1789 trium
645 1738 769 1789 hum
780 1738 895 1788 lucis
904 1739 1032 1789 claro
1043 1743 1085 1789 in
1100 1755 1211 1791 ortu
1225 1739 1538 1809 disponentist

216 1808 391 1855 intuitu
404 1822 581 1874 nempe
591 1753 678 1858 (fio
690 1842 707 1868 ,
728 1823 816 1856 ceu
831 1805 1048 1858 tenebras
1059 1843 1076 1867 ,
1095 1825 1245 1858 omne
1260 1809 1451 1860 malum
1463 1806 1774 1876 dissipatumS.

41 1872 168 1925 Mox
181 1873 240 1922 ad
253 1876 389 1940 Auge
410 1889 750 1942 properaturus
762 1911 776 1928 ,
801 1872 861 1922 ad
872 1874 1154 1940 supremam
1167 1876 1264 1926 caeli
1276 1912 1292 1936 ,
1310 1892 1489 1944 nempe
1502 1876 1682 1943 policiti
1695 1913 1712 1937 ‚
1723 1871 1957 1928 absidem:

161 1939 323 2012 Atcjue
335 1944 399 1991 ita
410 1945 455 1993 in
466 1940 652 2006 majora
663 1940 852 2008 {emper
862 1940 952 1991 stse
968 1946 1179 2008 porrexit
1196 1941 1388 1994 sanstus
1406 1945 1511 1994 Rex
1524 1944 1804 1995 Lunov1cus
1821 1962 1835 1997 t

488 2025 544 2060 ut
555 2012 668 2059 tanti
683 2005 959 2058 mensuram
974 2013 1182 2059 nominis
1193 2011 1428 2078 impleret.

702 2077 770 2126 Ut
783 2079 929 2144 igitur
941 2076 1057 2127 caelo
1078 2076 1268 2145 auspice

379 2142 657 2213 impavidus
668 2147 962 2194 exerceretin
976 2144 1088 2195 alios
1103 2149 1224 2195 vires
1239 2182 1255 2208 ,
1277 2146 1327 2195 &
1347 2148 1574 2198 animum
1585 2184 1604 2211 ,

455 2210 718 2263 adversum
729 2208 773 2261 se
783 2215 851 2278 pri
858 2211 1002 2262 mum
1023 2211 1184 2263 sancta
1194 2217 1378 2263 exeruit
1389 2213 1500 2265 odia
1510 2255 1524 2275 ,

453 2282 496 2329 in
511 2277 751 2344 majorem
768 2279 1000 2329 Numinis
1013 2297 1242 2330 amorem
1253 2279 1517 2331 transitura.

191 2351 409 2419 Ingentes
420 2346 559 2399 ausus
573 2361 627 2398 ut
642 2345 927 2415 proferretin
941 2350 1142 2415 impios,
1154 2349 1204 2398 &
1217 2352 1261 2398 in
1275 2363 1440 2417 gentes
1454 2350 1566 2400 Deo
1586 2351 1781 2417 invifiis,

345 2416 430 2468 fibi
441 2413 662 2467 subditus
673 2451 689 2476 ,
707 2414 792 2465 fibi
803 2411 992 2465 severus
1005 2452 1020 2476 ,
1040 2413 1125 2467 fibi
1136 2414 1295 2467 factus
1312 2415 1381 2467 est
1393 2415 1441 2466 &
1457 2415 1620 2474 hostis.

313 2482 435 2537 Vim
448 2483 602 2535 intulit
614 2485 776 2551 geum,
792 2485 837 2532 in
851 2482 1044 2536 rebelles
1064 2498 1230 2534 motus
1242 2483 1642 2540 animadvertens,

530 2550 657 2601 Etsic
678 2553 789 2601 vitia
807 2549 966 2601 castris
974 2554 1165 2602 exuitin
1176 2550 1430 2620 semetipso
1440 2589 1458 2614 ,

526 2617 660 2669 tanto
681 2616 855 2670 felicius
865 2655 883 2678 ,
909 2618 1090 2689 quanto
1105 2617 1328 2671 devotior
1339 2618 1485 2673 astris,

252 2689 516 2743 Iuventutis
525 2689 772 2755 impetum
785 2723 801 2748 ,
813 2705 815 2708 ⁴
825 2687 874 2737 ὅ(
885 2690 1071 2738 nativos
1080 2687 1141 2737 ad
1151 2687 1312 2756 gloriae
1323 2687 1574 2741 ambitum
1583 2692 1719 2759 ignes

242 2757 473 2811 restrinxit
487 2792 501 2811 ‚
520 2772 618 2804 non
631 2758 852 2808 extinxit:
869 2769 925 2805 ut
939 2753 1165 2807 servirent
1185 2754 1436 2825 aliquando
1455 2754 1515 2806 ad
1528 2759 1739 2814 meliora.

375 2820 632 2892 Angustias
642 2822 1023 2874 omnesexcuffit
1035 2821 1326 2891 ampliffimo
1344 2822 1546 2892 pectore

706 2907 870 2942 HERoA
887 2892 1297 2943 MAGNANIMITAs

293 2960 403 3011 nihil
413 2977 511 3010 non
523 2956 790 3028 augustum
800 2961 846 3009 in
861 2958 1105 3029 augustale
1125 2958 1239 3010 illud
1254 2958 1403 3011 su'um
1419 2962 1706 3014 immittens,

237 3027 545 3097 Triumphos
561 3043 680 3081 intra
691 3018 984 3081 domesticos
1003 3027 1059 3147 Ιὶιζ
1042 3031 1177 3080 mites
1189 3025 1426 3097 descripsit
1434 3027 1520 3083 sibi
1532 3025 1775 3098 copiosos:

1851 3114 1950 3152 tro·
